%% LaTeX2e file `bibliography.bib'
%% generated by the `filecontents' environment
%% from source `main' on 2024/09/18.
%%
 @article{Abele2016,
    title       = {Facets of the fundamental content dimensions: {A}gency with competence and assertiveness—Communion with warmth and morality},
    author      = {Abele, A. E. and Hauke, N. and Peters, K. and Louvet, E. and Szymkow, A. and Duan, Y.},
    url         = {https://doi.org/10.3389/fpsyg.2016.01810},
    doi         = {10.3389/fpsyg.2016.01810},
    date        = {2016}
}


@inbook{Alicke2005,
    title       = {The Better-Than-Average Effect},
    author      = {Alicke, M. D. and Govorun, O.},
    editor      = {Alicke, M.D. and Dunning, D.A. and Krueger, J.I.},
    url         = {http://doi.org/10.4324/9780203943250},
    doi         = {10.4324/9780203943250},
    publisher   = {Psychology Press},
    date        = {2005},
    pages       = {85--106},
    booktitle     = {The Self in Social Judgment}
}


@article{Clement1998,
    title       = {Liking persons versus liking groups: {A} dual-process hypothesis},
    author      = {Clement, R. W. and Krueger, J.},
    number      = {3},
    volume      = {28},
    url         = {https://doi.org/10.1002/(SICI)1099-0992(199805/06)28:3\%3C457::AID-EJSP880\%3E3.0.CO;2-T},
    doi         = {10.1002/(SICI)1099-0992(199805/06)28:3},
    date        = {1998},
    pages       = {457--469},
    journal     = {European Journal of Social Psychology}
}


@article{DiDonato2011,
    title       = {Social perception as induction and inference: {A}n integrative model of intergroup differentiation, ingroup favoritism, and differential accuracy},
    author      = {DiDonato, T. E. and Ullrich, J. and Krueger, J. I.},
    number      = {1},
    volume      = {100},
    url         = {http://doi.org/10.1037/a0021051},
    doi         = {10.1037/a0021051},
    date        = {2011},
    pages       = {66--83},
    journal     = {Journal of Personality and Social Psychology}
}


@article{Feldman2017,
    title       = {Making sense of agency: {B}elief in free will as a unique and important construct},
    author      = {Feldman, G.},
    number      = {1},
    volume      = {11},
    url         = {https://doi.org/10.1111/spc3.12293},
    doi         = {10.1111/spc3.12293},
    date        = {2017},
    journal     = {Social and Personality Psychology Compass}
}


@article{Grüning2023,
    title       = {Indeterminism belief protects against uncertainty: {F}irst empirical findings},
    author      = {Grüning, D. J. and Krueger, J.},
    url         = {https://doi.org/10.31234/osf.io/hz947},
    doi         = {10.31234/osf.io/hz947},
    date        = {2023},
    journal     = {PsyArXiv}
}


@article{Grüning2021,
    title       = {Strategic thinking: {A} random walk into the rabbit hole},
    author      = {Grüning, D. J. and Krueger, J. I.},
    number      = {1},
    volume      = {7},
    url         = {https://doi.org/10.1525/collabra.24921},
    doi         = {10.1525/collabra.24921},
    date        = {2021},
    pages       = {24921},
    journal     = {Collabra: Psychology}
}


@article{Grüning2024,
    title       = {Strategic thinking in the shadow of self-enhancement: {B}enefits and costs},
    author      = {Grüning, D. J. and Krueger, J. I.},
    url         = {https://doi.org/10.1111/bjso.12747},
    doi         = {10.1111/bjso.12747},
    date        = {2024},
    journal     = {British Journal of Social Psychology}
}


@article{Grüning,
    title       = {I},
    author      = {Grüning, D. J. and Krueger, J.}
}


@article{Mele2018,
    title       = {Free will, moral responsibility, and scientific epiphenomenalism},
    author      = {Mele, A. R.},
    volume      = {9, Article 2536},
    url         = {https://doi.org/10.3389/fpsyg.2018.02536},
    doi         = {10.3389/fpsyg.2018.02536},
    date        = {2018},
    journal     = {Frontiers in Psychology}
}


@article{Nadelhoffer2014,
    title       = {The free will inventory: {M}easuring beliefs about agency and responsibility},
    author      = {Nadelhoffer, T. and Shepard, J. and Nahmias, E. and Sripada, C. and Ross, L. T.},
    volume      = {25},
    url         = {https://doi.org/10.1016/j.concog.2014.01.006},
    doi         = {10.1016/j.concog.2014.01.006},
    date        = {2014},
    pages       = {27--41},
    journal     = {Consciousness and Cognition}
}


@article{Roy2013,
    title       = {I am a better driver than you think: {E}xamining self-enhancement for driving ability},
    author      = {Roy, M. M. and Liersch, M. J.},
    number      = {8},
    volume      = {43},
    url         = {https://doi.org/10.1111/jasp.12117},
    doi         = {10.1111/jasp.12117},
    date        = {2013},
    pages       = {1648--1659},
    journal     = {Journal of Applied Social Psychology}
}


@article{Sinha1998,
    title       = {Idiographic self-evaluation and bias},
    author      = {Sinha, R. R. and Krueger, J.},
    number      = {2},
    volume      = {32},
    url         = {https://doi.org/10.1006/jrpe.1997.2211},
    doi         = {10.1006/jrpe.1997.2211},
    date        = {1998},
    pages       = {131--155},
    journal     = {Journal of Research in Personality}
}


@article{Sedikides2003,
    title       = {Pancultural self-enhancement},
    author      = {Sedikides, C. and Gaertner, L. and Toguchi, Y.},
    number      = {1},
    volume      = {84},
    url         = {https://doi.org/10.1037/0022-3514.84.1.60},
    doi         = {10.1037/0022-3514.84.1.60},
    date        = {2003},
    pages       = {60--79},
    journal     = {Journal of Personality and Social Psychology}
}


@inbook{Trope1986,
    title       = {Self-enhancement and self-assessment in achievement behavior},
    author      = {Trope, Y.},
    editor      = {Sorrentino, R.M. and Higgins, E.T.},
    publisher   = {Guilford Press},
    date        = {1986},
    pages       = {350--378},
    booktitle     = {Handbook of motivation and cognition: Foundations of social behavior}
}


@article{Zell2020,
    title       = {The better-than-average effect in comparative self-evaluation: {A} comprehensive review and meta-analysis},
    author      = {Zell, E. and Strickhouser, J. E. and Sedikides, C. and Alicke, M. D.},
    number      = {2},
    volume      = {146},
    url         = {https://doi.org/10.1037/bul0000218},
    doi         = {10.1037/bul0000218},
    date        = {2020},
    pages       = {118--149},
    journal     = {Psychological Bulletin}
}
