%% LaTeX2e file `bibliography.bib'
%% generated by the `filecontents' environment
%% from source `hostler' on 2023/05/04.
%%
@article{Aczel2020,
        doi = {10.1038/s41562-019-0772-6},
        url = {https://doi.org/10.1038/s41562-019-0772-6},
        year = 2020,
        publisher = {Springer Science and Business Media {LLC}},
        volume = {4},
        number = {1},
        pages = {4--6},
        author = {Balazs Aczel and Barnabas Szaszi and Alexandra Sarafoglou and Zoltan Kekecs and {\v{S}}imon Kucharsk{\'{y}} and Daniel Benjamin and Christopher D. Chambers and Agneta Fisher and Andrew Gelman and Morton A. Gernsbacher and John P. Ioannidis and Eric Johnson and Kai Jonas and Stavroula Kousta and Scott O. Lilienfeld and D. Stephen Lindsay and Candice C. Morey and Marcus Munaf{\`{o}} and Benjamin R. Newell and Harold Pashler and David R. Shanks and Daniel J. Simons and Jelte M. Wicherts and Dolores Albarracin and Nicole D. Anderson and John Antonakis and Hal R. Arkes and Mitja D. Back and George C. Banks and Christopher Beevers and Andrew A. Bennett and Wiebke Bleidorn and Ty W. Boyer and Cristina Cacciari and Alice S. Carter and Joseph Cesario and Charles Clifton and Ron{\'{a}}n M. Conroy and Mike Cortese and Fiammetta Cosci and Nelson Cowan and Jarret Crawford and Eveline A. Crone and John Curtin and Randall Engle and Simon Farrell and Pasco Fearon and Mark Fichman and Willem Frankenhuis and Alexandra M. Freund and M. Gareth Gaskell and Roger Giner-Sorolla and Don P. Green and Robert L. Greene and Lisa L. Harlow and Fernando Hoces de la Guardia and Derek Isaacowitz and Janet Kolodner and Debra Lieberman and Gordon D. Logan and Wendy B. Mendes and Lea Moersdorf and Brendan Nyhan and Jeffrey Pollack and Christopher Sullivan and Simine Vazire and Eric-Jan Wagenmakers},
        title = {A consensus-based transparency checklist},
        journal = {Nature Human Behaviour}
}


@article{Aguinis2020,
    title       = {Actionable recommendations for narrowing the science-practice gap in open science},
    author      = {Aguinis, H. and Banks, G. C. and Rogelberg, S. G. and Cascio, W. F.},
    volume      = {158},
    url         = {https://doi.org/10.1016/j.obhdp.2020.02.007},
    doi         = {10.1016/j.obhdp.2020.02.007},
    date        = {2020},
    pages       = {27–35},
    journal     = {Organizational Behavior and Human Decision Processes}
}


@article{Allen2019,
    title       = {Open science challenges, benefits and tips in early career and beyond},
    author      = {Allen, C. and Mehler, D. M. A.},
    number      = {5},
    volume      = {17},
    url         = {https://doi.org/10.1371/journal.pbio.3000246},
    doi         = {10.1371/journal.pbio.3000246},
    date        = {2019},
    journal     = {PLOS Biology},
    eid         = {e3000246}
}


@article{Anderson2007,
    title       = {The perverse effects of competition on scientists’ work and relationships},
    author      = {Anderson, M. S. and Ronning, E. A. and De Vries, R. and Martinson, B. C.},
    number      = {4},
    volume      = {13},
    url         = {https://doi.org/10.1007/s11948-007-9042-5},
    doi         = {10.1007/s11948-007-9042-5},
    date        = {2007},
    pages       = {437–461},
    journal     = {Science and Engineering Ethics}
}


@article{Armeni2021,
    title       = {Towards wide-scale adoption of open science practices: The role of open science communities},
    author      = {Armeni, K. and Brinkman, L. and Carlsson, R. and Eerland, A. and Fijten, R. and Fondberg, R. and Heininga, V. E. and Heunis, S. and Koh, W. Q. and Masselink, M. and Moran, N. and {Ó Baoill}, A. and Sarafoglou, A. and Schettino, A. and Schwamm, H. and Sjoerds, Z. and Teperek, M. and van den Akker, O. R. and  van ’t Veer, A. and Zurita-Milla, R.},
    number      = {5},
    volume      = {48},
    url         = {https://doi.org/10.1093/scipol/scab039},
    doi         = {10.1093/scipol/scab039},
    date        = {2021},
    pages       = {605–611},
    journal     = {Science and Public Policy}
}


@article{Azevedo2022,
    title       = {Towards a culture of open scholarship: The role of pedagogical communities},
    author      = {Azevedo, F. and Liu, M. and Pennington, C. R. and Pownall, M. and Evans, T. R. and Parsons, S. and Elsherif, M. M. and Micheli, L. and Westwood, S. J. and {Framework for Open and Reproducible Research Training (FORRT)}},
    number      = {1},
    volume      = {15},
    url         = {https://doi.org/10.1186/s13104-022-05944-1},
    doi         = {10.1186/s13104-022-05944-1},
    date        = {2022},
    journal     = {BMC Research Notes},
    eid         = {75}
}


@article{Bakker2020,
    title       = {Ensuring the quality and specificity of preregistrations},
    author      = {Bakker, M. and Veldkamp, C. L. S. and van Assen, M. A. L. M. and Crompvoets, E. A. V. and Ong, H. H. and Nosek, B. A. and Soderberg, C. K. and Mellor, D. and Wicherts, J. M.},
    number      = {12},
    volume      = {18},
    url         = {https://doi.org/10.1371/journal.pbio.3000937},
    doi         = {10.1371/journal.pbio.3000937},
    date        = {2020},
    journal     = {PLOS Biology},
    eid         = {e3000937}
}


@article{Barr2019,
    title       = {Redesigning methods curricula for reproducibility},
    author      = {Barr, D. and Cleland Woods, H. and DeBruine, L. and Lai, R. and McAleer, P. and McNee, S. and Nordmann, E. and Paterson, H. and Stack, N.},
    url         = {https://psyteachr.github.io/sips2019/},
    date        = {2019}
}


@book{Bastiaansen2019,
    title       = {10 open science myths – {Open Science Community Groningen}},
    author      = {Bastiaansen, J.},
    url         = {https://openscience-groningen.nl/10-open-science-myths/},
    publisher   = {Open Science Community Groningen},
    date        = {2019}
}


@article{Beatson2021,
    title       = {The gradual retreat from academic citizenship},
    author      = {Beatson, N. J. and Tharapos, M. and O’Connell, B. T. and Lange, P. and Carr, S. and Copeland, S.},
    number      = {4},
    volume      = {76},
    url         = {https://doi.org/10.1111/hequ.12341},
    doi         = {10.1111/hequ.12341},
    date        = {2021},
    pages       = {715–725},
    journal     = {Higher Education Quarterly}
}


@article{Bennett2022,
    title       = {A manifesto for rewarding and recognising {Team Infrastructure Roles}},
    author      = {Bennett, A. and Garside, D. and Gould van Pragg, C. and Hostler, T. J. and Kherroubi Garcia, I. and Plomp, E. and Schettino, A. and Teplitzky, S. and Ye, H.},
    url         = {https://doi.org/10.53962/knm3-bnvx},
    doi         = {10.53962/knm3-bnvx},
    date        = {2022},
    journal     = {Research Equals}
}


@article{Boncori2020,
    title       = {Workload allocation models in academia: A panopticon of neoliberal control or tools for resistance?},
    author      = {Boncori, I. and Bizjak, D. and Sicca, L. M.},
    number      = {1},
    volume      = {18},
    url         = {https://doi.org/DOI:},
    date        = {2020},
    pages       = {51–69},
    journal     = {Tamara}
}


@article{Borgerud2020,
    title       = {Open research data, an archival challenge?},
    author      = {Borgerud, C. and Borglund, E.},
    volume      = {20},
    url         = {https://doi.org/10.1007/s10502-020-09330-3},
    doi         = {10.1007/s10502-020-09330-3},
    date        = {2020},
    pages       = {279–302},
    journal     = {Archival Science}
}


@article{Bozeman1993,
    title       = {A theory of government ‘red tape’},
    author      = {Bozeman, B.},
    number      = {3},
    volume      = {3},
    date        = {1993},
    pages       = {273–303},
    journal     = {Journal of Public Administration Research and Theory}
}


@article{Bozeman2017,
    title       = {Bureaucratization in academic research policy: What causes it?},
    author      = {Bozeman, B. and Jung, J.},
    number      = {2},
    volume      = {1},
    url         = {https://doi.org/10.1561/110.00000002},
    doi         = {10.1561/110.00000002},
    date        = {2017},
    pages       = {133–214},
    journal     = {Annals of Science and Technology Policy}
}


@article{Bozeman2020,
    title       = {Robotic bureaucracy: Administrative burden and red tape in university research},
    author      = {Bozeman, B. and Youtie, J.},
    number      = {1},
    volume      = {80},
    url         = {https://doi.org/10.1111/puar.13105},
    doi         = {10.1111/puar.13105},
    date        = {2020},
    pages       = {157–162},
    journal     = {Public Administration Review}
}


@article{Bozeman2021,
    title       = {Death by a thousand 10-minute tasks: Workarounds and noncompliance in university research administration},
    author      = {Bozeman, B. and Youtie, J. and Jung, J.},
    number      = {4},
    volume      = {53},
    url         = {https://doi.org/10.1177/0095399720947994},
    doi         = {10.1177/0095399720947994},
    date        = {2021},
    pages       = {527–568},
    journal     = {Administration \& Society}
}


@article{Callard2022,
    title       = {Replication and reproduction: Crises in psychology and academic labour},
    author      = {Callard, F.},
    number      = {2},
    volume      = {26},
    url         = {https://doi.org/10.1177/10892680211055660},
    doi         = {10.1177/10892680211055660},
    date        = {2022},
    pages       = {199–211},
    journal     = {Review of General Psychology}
}


@inbook{Carter2019,
    title       = {The role of research development professionals in supporting team science},
    author      = {Carter, S. and Carlson, S. and Crockett, J. and Falk-Krzesinski, H. J. and Lewis, K. and Walker, B. E.},
    editor      = {Hall, K. L. and Vogel, A. L. and Croyle, R. T.},
    url         = {https://doi.org/10.1007/978-3-030-20992-6_28},
    doi         = {10.1007/978-3-030-20992-6_28},
    publisher   = {Springer International Publishing},
    date        = {2019},
    pages       = {375–388},
    booktitle     = {Strategies for team science success}
}


@article{Chambers2022,
    title       = {The past, present and future of Registered Reports},
    author      = {Chambers, C. D. and Tzavella, L.},
    number      = {1},
    volume      = {6},
    url         = {https://doi.org/10.1038/s41562-021-01193-7},
    doi         = {10.1038/s41562-021-01193-7},
    date        = {2022},
    pages       = {29–42},
    journal     = {Nature Human Behaviour}
}


@book{Collini2012,
    title       = {What are universities for?},
    author      = {Collini, S.},
    publisher   = {Penguin},
    date        = {2012}
}


@article{Crüwell2019,
    title       = {Seven easy steps to open science: An annotated reading list},
    author      = {Crüwell, S. and van Doorn, J. and Etz, A. and Makel, M. C. and Moshontz, H. and Niebaum, J. C. and Orben, A. and Parsons, S. and Schulte-Mecklenbeck, M.},
    number      = {4},
    volume      = {227},
    url         = {https://doi.org/10.1027/2151-2604/a000387},
    doi         = {10.1027/2151-2604/a000387},
    date        = {2019},
    pages       = {237–248},
    journal     = {Zeitschrift Für Psychologie}
}


@article{CruzRivera2020,
    title       = {Guidelines for clinical trial protocols for interventions involving artificial intelligence: The SPIRIT-AI extension},
    author      = {Cruz Rivera, S. and Liu, X. and Chan, A.-W. and Denniston, A. K. and Calvert, M. J. and {SPIRIT AI} and {CONSORT-AI Working Group}},
    number      = {10},
    volume      = {2},
    url         = {https://doi.org/10.1016/S2589-7500(20)30219-3},
    doi         = {10.1016/S2589-7500(20)30219-3},
    date        = {2020},
    pages       = {549– 560},
    journal     = {The Lancet Digital Health}
}


@article{Csányi2021,
    title       = {Challenges and open problems of legal document anonymization},
    author      = {Csányi, G. M. and Nagy, D. and Vági, R. and Vadász, J. P. and Orosz, T.},
    number      = {8},
    volume      = {13},
    url         = {https://doi.org/10.3390/sym13081490},
    doi         = {10.3390/sym13081490},
    date        = {2021},
    pages       = {1490},
    journal     = {Symmetry}
}


@article{Dollinger2020,
    title       = {The projectification of the university: Consequences and alternatives},
    author      = {Dollinger, M.},
    number      = {6},
    volume      = {25},
    url         = {https://doi.org/10.1080/13562517.2020.1722631},
    doi         = {10.1080/13562517.2020.1722631},
    date        = {2020},
    pages       = {669–682},
    journal     = {Teaching in Higher Education}
}


@article{Eronen2021,
    title       = {The theory crisis in psychology: How to move forward},
    author      = {Eronen, M. I. and Bringmann, L. F.},
    number      = {4},
    volume      = {16},
    url         = {https://doi.org/10.1177/1745691620970586},
    doi         = {10.1177/1745691620970586},
    date        = {2021},
    pages       = {779–788},
    journal     = {Perspectives on Psychological Science}
}


@article{Eynden2016,
    title       = {Survey of Wellcome researchers and their attitudes to open research},
    author      = {Eynden, V. V. D. and Knight, G. and Vlad, A. and Radler, B. and Tenopir, C. and Leon, D. and Manista, F. and Whitworth, J. and Corti, L.},
    url         = {https://doi.org/10.6084/M9.FIGSHARE.4055448.V1},
    doi         = {10.6084/M9.FIGSHARE.4055448.V1},
    date        = {2016},
    journal     = {Wellcome Trust}
}


@inbook{Fecher2014,
    title       = {Open science: one term, five schools of thought},
    author      = {Fecher, B. and Friesike, S.},
    editor      = {Bartling, S. and Friesike, S.},
    url         = {https://doi.org/10.1007/978-3-319-00026-8_2},
    doi         = {10.1007/978-3-319-00026-8_2},
    publisher   = {Springer International Publishing},
    date        = {2014},
    pages       = {17–47},
    booktitle     = {Opening science}
}


@article{FernándezPinto2020,
    title       = {Open science for private interests? {H}ow the logic of open science contributes to the commercialization of research},
    author      = {Fernández Pinto, M.},
    volume      = {5, Article 588331},
    url         = {https://doi.org/10.3389/frma.2020.588331},
    doi         = {10.3389/frma.2020.588331},
    date        = {2020},
    journal     = {Frontiers in Research Metrics and Analytics},
    eid         = {588331}
}


@article{Forscher2022,
    title       = {The benefits, barriers, and risks of big team science},
    author      = {Forscher, P. S. and Wagenmakers, E.-J. and Coles, N. A. and Silan, M. A. A. and Dutra, N. B. and Basnight-Brown, D. and IJzerman, H.},
    url         = {https://doi.org/10.31234/osf.io/2mdxh},
    doi         = {10.31234/osf.io/2mdxh},
    date        = {2022},
    journal     = {PsyArXiv}
}


@article{Gabelica2022,
    title       = {Many researchers were not compliant with their published data sharing statement: Mixed-methods study},
    author      = {Gabelica, M. and Bojčić, R. and Puljak, L.},
    volume      = {150},
    url         = {https://doi.org/10.1016/j.jclinepi.2022.05.019},
    doi         = {10.1016/j.jclinepi.2022.05.019},
    date        = {2022},
    pages       = {33–41},
    journal     = {Journal of Clinical Epidemiology}
}


@article{Gärtner2022,
    title       = {{Responsible Research Assessment II}: A specific proposal for hiring and promotion in psychology},
    author      = {Gärtner, A. and Leising, D. and Schönbrodt, F. D.},
    url         = {https://doi.org/10.31234/osf.io/5yexm},
    doi         = {10.31234/osf.io/5yexm},
    date        = {2022}
}


@article{Gewin2022,
    title       = {Has the ‘great resignation’ hit academia?},
    author      = {Gewin, V.},
    number      = {7912},
    volume      = {606},
    url         = {https://doi.org/10.1038/d41586-022-01512-6},
    doi         = {10.1038/d41586-022-01512-6},
    date        = {2022},
    pages       = {211–213},
    journal     = {Nature}
}


@article{Gordon2022,
    title       = {Invisible labor and the associate professor: Identity and workload inequity},
    author      = {Gordon, H. R. and Willink, K. and Hunter, K.},
    url         = {https://doi.org/10.1037/dhe0000414},
    doi         = {10.1037/dhe0000414},
    date        = {2022},
    journal     = {Journal of Diversity in Higher Education}
}


@article{Gownaris2022,
    title       = {Barriers to full participation in the open science life cycle among early career researchers},
    author      = {Gownaris, N. J. and Vermeir, K. and Bittner, M.-I. and Gunawardena, L. and Kaur-Ghumaan, S. and Lepenies, R. and Ntsefong, G. N. and Zakari, I. S.},
    number      = {1},
    volume      = {21},
    url         = {https://doi.org/10.5334/dsj-2022-002},
    doi         = {10.5334/dsj-2022-002},
    date        = {2022},
    pages       = {2},
    journal     = {Data Science Journal}
}


@article{Grahe2020,
    title       = {Open science promotes diverse, just, and sustainable research and educational outcomes},
    author      = {Grahe, J. E. and Cuccolo, K. and Leighton, D. C. and Cramblet Alvarez, L. D.},
    number      = {1},
    volume      = {19},
    url         = {https://doi.org/10.1177/1475725719869164},
    doi         = {10.1177/1475725719869164},
    date        = {2020},
    pages       = {5–20},
    journal     = {Psychology Learning \& Teaching}
}


@article{Hagger2022,
    title       = {Developing an open science ‘mindset’},
    author      = {Hagger, M. S.},
    number      = {1},
    volume      = {10},
    url         = {https://doi.org/10.1080/21642850.2021.2012474},
    doi         = {10.1080/21642850.2021.2012474},
    date        = {2022},
    pages       = {1–21},
    journal     = {Health Psychology and Behavioral Medicine}
}


@article{Havard2012,
    title       = {Triggers for research ethics consultation},
    author      = {Havard, M. and Cho, M. K. and Magnus, D.},
    number      = {118},
    volume      = {4},
    url         = {https://doi.org/10.1126/scitranslmed.3002734},
    doi         = {10.1126/scitranslmed.3002734},
    date        = {2012},
    journal     = {Science Translational Medicine}
}


@article{Hefce2016,
    title       = {Concordant on Open Research Data},
    author      = {Hefce, {Research Councils UK} and {Universities UK} and {Wellcome Trust}},
    url         = {https://www.ukri.org/files/legacy/documents/concordatonopenresearchdata-pdf/},
    date        = {2016}
}


@article{Henry2018,
    title       = {Consensus guidelines for the uniform reporting of study ethics in anatomical research within the framework of the anatomical quality assurance (AQUA) checklist: Framework of the AQUA Checklist},
    author      = {Henry, B. M. and Vikse, J. and Pekala, P. and Loukas, M. and Tubbs, R. S. and Walocha, J. A. and Jones, D. G. and Tomaszewski, K. A.},
    number      = {4},
    volume      = {31},
    url         = {https://doi.org/10.1002/ca.23069},
    doi         = {10.1002/ca.23069},
    date        = {2018},
    pages       = {521–524},
    journal     = {Clinical Anatomy}
}


@article{Hogan2011,
    title       = {Is higher education spending more on administration and, if so, why?},
    author      = {Hogan, J.},
    number      = {1},
    volume      = {15},
    url         = {https://doi.org/10.1080/13603108.2010.532316},
    doi         = {10.1080/13603108.2010.532316},
    date        = {2011},
    pages       = {7–13},
    journal     = {Perspectives: Policy and Practice in Higher Education}
}


@article{Holcombe2019,
    title       = {Contributorship, not authorship: Use {CRediT} to indicate who did what},
    author      = {Holcombe, A.},
    number      = {3},
    volume      = {7},
    url         = {https://doi.org/10.3390/publications7030048},
    doi         = {10.3390/publications7030048},
    date        = {2019},
    pages       = {48},
    journal     = {Publications}
}


@article{Hostler2022,
    title       = {Open research reforms and the capitalist university’s priorities and practices: Areas of opposition and alignment},
    author      = {Hostler, T.},
    url         = {https://doi.org/10.31235/osf.io/r4qgc},
    doi         = {10.31235/osf.io/r4qgc},
    date        = {2022},
    journal     = {SocArXiv}
}


@article{Jessop2018,
    title       = {On academic capitalism},
    author      = {Jessop, B.},
    number      = {1},
    volume      = {12},
    url         = {https://doi.org/10.1080/19460171.2017.1403342},
    doi         = {10.1080/19460171.2017.1403342},
    date        = {2018},
    pages       = {104–109},
    journal     = {Critical Policy Studies}
}


@article{Kenny2019,
    title       = {Academic administration \& service workloads in Australian Universities},
    author      = {Kenny, J. and Fluck, A. E.},
    number      = {2},
    volume      = {61},
    date        = {2019},
    pages       = {21–30},
    journal     = {Australian Universities Review}
}


@article{Kenny2022,
    title       = {Emerging principles for the allocation of academic work in universities},
    author      = {Kenny, J. and Fluck, A. E.},
    number      = {6},
    volume      = {83},
    url         = {https://doi.org/10.1007/s10734-021-00747-y},
    doi         = {10.1007/s10734-021-00747-y},
    date        = {2022},
    pages       = {1371–1388},
    journal     = {Higher Education}
}


@article{Kernohan2019,
    title       = {A beginner’s guide to academic workload modelling},
    author      = {Kernohan, D.},
    url         = {https://wonkhe.com/blogs/a-beginners-guide-to-academic-workload-modelling/},
    date        = {2019-11-03}
}


@article{Kolsaker2008,
    title       = {Academic professionalism in the managerialist era: A study of English universities},
    author      = {Kolsaker, A.},
    number      = {5},
    volume      = {33},
    url         = {https://doi.org/10.1080/03075070802372885},
    doi         = {10.1080/03075070802372885},
    date        = {2008},
    pages       = {513–525},
    journal     = {Studies in Higher Education}
}


@article{Lakens2014,
    title       = {Sailing from the seas of chaos into the corridor of stability: Practical recommendations to increase the informational value of studies},
    author      = {Lakens, D. and Evers, E. R. K.},
    number      = {3},
    volume      = {9},
    url         = {https://doi.org/10.1177/1745691614528520},
    doi         = {10.1177/1745691614528520},
    date        = {2014},
    pages       = {278–292},
    journal     = {Perspectives on Psychological Science}
}


@article{Levin2017,
    title       = {How does one “open” science? Questions of value in biological research},
    author      = {Levin, N. and Leonelli, S.},
    number      = {2},
    volume      = {42},
    url         = {https://doi.org/10.1177/0162243916672071},
    doi         = {10.1177/0162243916672071},
    date        = {2017},
    pages       = {280–305},
    journal     = {Science, Technology, \& Human Values}
}


@article{Long2020,
    title       = {Accounting academic workloads: Balancing workload creep to avoid depreciation in the higher education sector},
    author      = {Long, D. W. and Barnes, A. P. L. and Northcote, P. M. and Williams, P. T.},
    number      = {2},
    volume      = {1},
    url         = {https://doi.org/10.22158/eshs.v1n2p55},
    doi         = {10.22158/eshs.v1n2p55},
    date        = {2020},
    pages       = {55},
    journal     = {Education, Society and Human Studies}
}


@article{Lowndes2017,
    title       = {Our path to better science in less time using open data science tools},
    author      = {Lowndes, J. S. S. and Best, B. D. and Scarborough, C. and Afflerbach, J. C. and Frazier, M. R. and O’Hara, C. C. and Jiang, N. and Halpern, B. S.},
    number      = {6},
    volume      = {1},
    url         = {https://doi.org/10.1038/s41559-017-0160},
    doi         = {10.1038/s41559-017-0160},
    date        = {2017},
    journal     = {Nature Ecology \& Evolution},
    eid         = {0160}
}


@article{Lyons2010,
    title       = {Regulated autonomy or autonomous regulation? {C}ollective bargaining and academic workloads in Australian universities},
    author      = {Lyons, M. and Ingersoll, L.},
    number      = {2},
    volume      = {32},
    url         = {https://doi.org/10.1080/13600800903440592},
    doi         = {10.1080/13600800903440592},
    date        = {2010},
    pages       = {137–148},
    journal     = {Journal of Higher Education Policy and Management}
}


@article{Macfarlane2011,
    title       = {The morphing of academic practice: Unbundling and the rise of the para-academic},
    author      = {Macfarlane, B.},
    number      = {1},
    volume      = {65},
    url         = {https://doi.org/10.1111/j.1468-2273.2010.00467.x},
    doi         = {10.1111/j.1468-2273.2010.00467.x},
    date        = {2011},
    pages       = {59–73},
    journal     = {Higher Education Quarterly}
}


@article{Miller2019,
    title       = {Where does the time go? {A}n academic workload case study at an Australian university},
    author      = {Miller, J.},
    number      = {6},
    volume      = {41},
    url         = {https://doi.org/10.1080/1360080X.2019.1635328},
    doi         = {10.1080/1360080X.2019.1635328},
    date        = {2019},
    pages       = {633–645},
    journal     = {Journal of Higher Education Policy and Management}
}


@article{Munafò2019,
    title       = {Raising research quality will require collective action},
    author      = {Munafò, M.},
    number      = {7786},
    volume      = {576},
    url         = {https://doi.org/10.1038/d41586-019-03750-7},
    doi         = {10.1038/d41586-019-03750-7},
    date        = {2019},
    pages       = {183–183},
    journal     = {Nature}
}


@article{Munafò2017,
    title       = {A manifesto for reproducible science},
    author      = {Munafò, M. and Nosek, B. A. and Bishop, D. V. M. and Button, K. S. and Chambers, C. and Percie du Sert, N. and Simonsohn, U. and Wagenmakers, E.-J. and Ware, J. J. and Ioannidis, J. P. A.},
    number      = {1},
    volume      = {1},
    url         = {https://doi.org/10.1038/s41562-016-0021},
    doi         = {10.1038/s41562-016-0021},
    date        = {2017},
    journal     = {Nature Human Behaviour},
    eid         = {0021}
}


@book{Münch2014,
    title       = {Academic capitalism: Universities in the global struggle for excellence},
    author      = {Münch, R.},
    publisher   = {Routledge},
    date        = {2014}
}


@article{Nicholls2022,
    title       = {The impact of working in academia on researchers’ mental health and well-being: A systematic review and qualitative meta-synthesis},
    author      = {Nicholls, H. and Nicholls, M. and Tekin, S. and Lamb, D. and Billings, J.},
    number      = {5},
    volume      = {17},
    url         = {https://doi.org/10.1371/journal.pone.0268890},
    doi         = {10.1371/journal.pone.0268890},
    date        = {2022},
    journal     = {PLOS ONE},
    eid         = {e0268890}
}


@book{Nosek2019,
    title       = {Strategy for culture change},
    author      = {Nosek, B. A.},
    url         = {https://www.cos.io/blog/strategy-for-culture-change},
    publisher   = {Centre for Open Science},
    date        = {2019}
}


@article{Nosek2019a,
    title       = {Preregistration is hard, and worthwhile},
    author      = {Nosek, B. A. and Beck, E. D. and Campbell, L. and Flake, J. K. and Hardwicke, T. E. and Mellor, D. T. and {van 't Veer}, A. E. and Vazire, S.},
    number      = {10},
    volume      = {23},
    url         = {https://doi.org/10.1016/j.tics.2019.07.009},
    doi         = {10.1016/j.tics.2019.07.009},
    date        = {2019},
    pages       = {815–818},
    journal     = {Trends in Cognitive Sciences}
}


@article{Nosek2018,
    title       = {The preregistration revolution},
    author      = {Nosek, B. A. and Ebersole, C. R. and DeHaven, A. C. and Mellor, D. T.},
    number      = {11},
    volume      = {115},
    url         = {https://doi.org/10.1073/pnas.1708274114},
    doi         = {10.1073/pnas.1708274114},
    date        = {2018},
    pages       = {2600–2606},
    journal     = {Proceedings of the National Academy of Sciences}
}


@article{Nosek2012,
    title       = {Scientific utopia: {II}. {R}estructuring incentives and practices to promote truth over publishability},
    author      = {Nosek, B. A. and Spies, J. R. and Motyl, M.},
    number      = {6},
    volume      = {7},
    url         = {https://doi.org/10.1177/1745691612459058},
    doi         = {10.1177/1745691612459058},
    date        = {2012},
    pages       = {615–631},
    journal     = {Perspectives on Psychological Science}
}


@article{Obels2020,
    title       = {Analysis of open data and computational reproducibility in Registered Reports in psychology},
    author      = {Obels, P. and Lakens, D. and Coles, N. A. and Gottfried, J. and Green, S. A.},
    number      = {2},
    volume      = {3},
    url         = {https://doi.org/10.1177/2515245920918872},
    doi         = {10.1177/2515245920918872},
    date        = {2020},
    pages       = {229–237},
    journal     = {Advances in Methods and Practices in Psychological Science}
}


@article{OLeary2013,
    title       = {Data collection in cancer clinical trials: Too much of a good thing?},
    author      = {O’Leary, E. and Seow, H. and Julian, J. and Levine, M. and Pond, G. R.},
    number      = {4},
    volume      = {10},
    url         = {https://doi.org/10.1177/1740774513491337},
    doi         = {10.1177/1740774513491337},
    date        = {2013},
    pages       = {624–632},
    journal     = {Clinical Trials}
}


@article{Pagliaro2021,
    title       = {Purposeful evaluation of scholarship in the open science era},
    author      = {Pagliaro, M.},
    number      = {1},
    volume      = {12},
    url         = {https://doi.org/10.3390/challe12010006},
    doi         = {10.3390/challe12010006},
    date        = {2021},
    journal     = {Challenges},
    eid         = {6}
}


@article{Papadopoulos2017,
    title       = {The mismeasure of academic labour},
    author      = {Papadopoulos, A.},
    number      = {3},
    volume      = {36},
    url         = {https://doi.org/10.1080/07294360.2017.1289156},
    doi         = {10.1080/07294360.2017.1289156},
    date        = {2017},
    pages       = {511–525},
    journal     = {Higher Education Research \& Development}
}


@article{Pownall2021,
    title       = {Embedding open and reproducible science into teaching: A bank of lesson plans and resources},
    author      = {Pownall, M. and Azevedo, F. and Aldoh, A. and Elsherif, M. and Vasilev, M. and Pennington, C. R. and Robertson, O. and Tromp, M. V. and Liu, M. and Makel, M. C. and Tonge, N. and Moreau, D. and Horry, R. and Shaw, J. and Tzavella, L. and McGarrigle, R. and Talbot, C. and Parsons, S. and {FORRT}},
    url         = {https://doi.org/10.1037/stl0000307},
    doi         = {10.1037/stl0000307},
    date        = {2021},
    journal     = {Scholarship of Teaching and Learning in Psychology}
}


@inbook{Rees2015,
    title       = {Developing a research strategy at a research intensive university: {A Pro Vice Chancellor’s perspective}},
    author      = {Rees, T.},
    editor      = {Dingwall, R. and McDonnell, M.},
    publisher   = {SAGE Publications Ltd},
    date        = {2015},
    pages       = {565–580},
    booktitle     = {The SAGE handbook of research management}
}


@article{Reimer2014,
    title       = {{Imperial College London} submission to the {RCUK} review on open access},
    author      = {Reimer, T.},
    url         = {https://doi.org/10.25561/15558},
    doi         = {10.25561/15558},
    place       = {Imperial College London},
    date        = {2014}
}


@article{ResearchConsulting2014,
    title       = {Counting the costs of open access},
    author      = {{Research Consulting}},
    url         = {http://www.researchconsulting.co.uk/wp-content/uploads/2014/11/Research-Consulting-Counting-the-Costs-of-OA-Final.pdf},
    date        = {2014}
}


@article{RhysEvans2021,
    title       = {Improving evidence-based practice through preregistration of applied research: Barriers and recommendations},
    author      = {Rhys Evans, T. and Branney, P. and Clements, A. and Hatton, E.},
    number      = {2},
    volume      = {30},
    url         = {https://doi.org/10.1080/08989621.2021.1969233},
    doi         = {10.1080/08989621.2021.1969233},
    date        = {2021},
    pages       = {88–108},
    journal     = {Accountability in Research}
}


@article{Robson2021,
    title       = {Promoting open science: A holistic approach to changing behaviour},
    author      = {Robson, S. G. and Baum, M. A. and Beaudry, J. L. and Beitner, J. and Brohmer, H. and Chin, J. M. and Jasko, K. and Kouros, C. D. and Laukkonen, R. E. and Moreau, D. and Searston, R. A. and Slagter, H. A. and Steffens, N. K. and Tangen, J. M. and Thomas, A.},
    number      = {1},
    volume      = {7},
    url         = {https://doi.org/10.1525/collabra.30137},
    doi         = {10.1525/collabra.30137},
    date        = {2021},
    journal     = {Collabra: Psychology},
    eid         = {30137}
}


@article{Rochon2010,
    title       = {{Financial Conflicts of Interest Checklist 2010} for clinical research studies},
    author      = {Rochon, P. A. and Hoey, J. and Chan, A.-W. and Ferris, L. E. and Lexchin, J. and Kalkar, S. R. and Sekeres, M. and Wu, W. and Van Laethem, M. and Gruneir, A. and Maskalyk, J. and Streiner, D. L. and Gold, J. and Taback, N. and Moher, D.},
    number      = {1},
    volume      = {4},
    date        = {2010},
    pages       = {69–91},
    journal     = {Open Medicine: A Peer-Reviewed, Independent Open-Access Journal}
}


@article{Rockwell2009,
    title       = {The {FDP Faculty Burden Survey}},
    author      = {Rockwell, S.},
    number      = {2},
    volume      = {16},
    date        = {2009},
    pages       = {29–44},
    journal     = {Research Management Review}
}


@article{Sarafoglou2022,
    title       = {A survey on how preregistration affects the research workflow: Better science but more work},
    author      = {Sarafoglou, A. and Kovacs, M. and Bakos, B. and Wagenmakers, E.-J. and Aczel, B.},
    number      = {7},
    volume      = {9},
    url         = {https://doi.org/10.1098/rsos.211997},
    doi         = {10.1098/rsos.211997},
    date        = {2022},
    pages       = {211997},
    journal     = {Royal Society Open Science},
    eid         = {211997}
}


@article{Saunders2015,
    title       = {Anonymising interview data: Challenges and compromise in practice},
    author      = {Saunders, B. and Kitzinger, J. and Kitzinger, C.},
    number      = {5},
    volume      = {15},
    url         = {https://doi.org/10.1177/1468794114550439},
    doi         = {10.1177/1468794114550439},
    date        = {2015},
    pages       = {616–632},
    journal     = {Qualitative Research}
}


@article{Scheliga2014,
    title       = {Putting open science into practice: A social dilemma? },
    author      = {Scheliga, K. and Friesike, S.},
    url         = {https://doi.org/10.5210/fm.v19i9.5381},
    doi         = {10.5210/fm.v19i9.5381},
    date        = {2014},
    journal     = {First Monday}
}


@book{Schneider2015,
    title       = {The censor’s hand: The misregulation of human-subject research},
    author      = {Schneider, C. E.},
    publisher   = {MIT Press},
    date        = {2015}
}


@article{Seidl2016,
    title       = {Optimal career strategies and brain drain in academia},
    author      = {Seidl, A. and Wrzaczek, S. and El Ouardighi, F. and Feichtinger, G.},
    number      = {1},
    volume      = {168},
    url         = {https://doi.org/10.1007/s10957-015-0747-3},
    doi         = {10.1007/s10957-015-0747-3},
    date        = {2016},
    pages       = {268–295},
    journal     = {Journal of Optimization Theory and Applications}
}


@article{Somerville2021,
    title       = {Learn when—and how—to say no in your professional life},
    author      = {Somerville, L. H.},
    url         = {https://doi.org/10.1126/science.caredit.abg4310},
    doi         = {10.1126/science.caredit.abg4310},
    date        = {2021},
    journal     = {Science}
}


@article{Spellman2015,
    title       = {A short (personal) future history of revolution 2.0},
    author      = {Spellman, B. A.},
    number      = {6},
    volume      = {10},
    url         = {https://doi.org/10.1177/1745691615609918},
    doi         = {10.1177/1745691615609918},
    date        = {2015},
    pages       = {886–899},
    journal     = {Perspectives on Psychological Science}
}


@article{Staniszewska2017,
    title       = {{GRIPP2} reporting checklists: Tools to improve reporting of patient and public involvement in research},
    author      = {Staniszewska, S. and Brett, J. and Simera, I. and Seers, K. and Mockford, C. and Goodlad, S. and Altman, D. G. and Moher, D. and Barber, R. and Denegri, S. and Entwistle, A. and Littlejohns, P. and Morris, C. and Suleman, R. and Thomas, V. and Tysall, C.},
    number      = {1},
    volume      = {3},
    url         = {https://doi.org/10.1186/s40900-017-0062-2},
    doi         = {10.1186/s40900-017-0062-2},
    date        = {2017},
    pages       = {13},
    journal     = {Research Involvement and Engagement}
}


@article{Stewart2021,
    title       = {Improving research quality: The view from the {UK Reproducibility Network Institutional Leads} for research improvement},
    author      = {Stewart, A. J. and Farran, E. K. and Grange, J. A. and Macleod, M. and Munafò, M. and Newton, P. and Shanks, D. R. and {the UK Reproducibility Network (UKRN) Local Network Leads}},
    number      = {1},
    volume      = {14},
    url         = {https://doi.org/10.1186/s13104-021-05883-3},
    doi         = {10.1186/s13104-021-05883-3},
    date        = {2021},
    pages       = {458},
    journal     = {BMC Research Notes}
}


@article{Stewart2015,
    title       = {The urgent need for clinical research reform to permit faster, less expensive access to new therapies for lethal diseases},
    author      = {Stewart, D. J. and Batist, G. and Kantarjian, H. M. and Bradford, J.-P. and Schiller, J. H. and Kurzrock, R.},
    number      = {20},
    volume      = {21},
    url         = {https://doi.org/10.1158/1078-0432.CCR-14-3246},
    doi         = {10.1158/1078-0432.CCR-14-3246},
    date        = {2015},
    pages       = {4561–4568},
    journal     = {Clinical Cancer Research}
}


@article{Stewart2008,
    title       = {Regulation - the real threat to clinical research},
    author      = {Stewart, P. M. and Stears, A. and Tomlinson, J. W. and Brown, M. J.},
    volume      = {337, Article a1732},
    url         = {https://doi.org/10.1136/bmj.a1732},
    doi         = {10.1136/bmj.a1732},
    date        = {2008},
    journal     = {BMJ},
    eid         = {a1732}
}


@article{Stewart2022,
    title       = {Reforms to improve reproducibility and quality must be coordinated across the research ecosystem: The view from the UKRN Local Network Leads},
    author      = {Stewart, S. L. K. and Pennington, C. R. and da Silva, G. R. and Ballou, N. and Butler, J. and Dienes, Z. and Jay, C. and Rossit, S. and Samara, A. and Leads, U. K. Reproducibility Network Local Network},
    number      = {1},
    volume      = {15},
    url         = {https://doi.org/10.1186/s13104-022-05949-w},
    doi         = {10.1186/s13104-022-05949-w},
    date        = {2022},
    journal     = {BMC Research Notes},
    eid         = {58}
}


@article{Szollosi2020,
    title       = {Is preregistration worthwhile?},
    author      = {Szollosi, A. and Kellen, D. and Navarro, D. J. and Shiffrin, R. and van Rooij, I. and Van Zandt, T. and Donkin, C.},
    number      = {2},
    volume      = {24},
    url         = {https://doi.org/10.1016/j.tics.2019.11.009},
    doi         = {10.1016/j.tics.2019.11.009},
    date        = {2020},
    pages       = {94–95},
    journal     = {Trends in Cognitive Sciences}
}


@article{Tenopir2011,
    title       = {Data sharing by scientists: Practices and perceptions},
    author      = {Tenopir, C. and Allard, S. and Douglass, K. and Aydinoglu, A. U. and Wu, L. and Read, E. and Manoff, M. and Frame, M.},
    number      = {6},
    volume      = {6},
    url         = {https://doi.org/10.1371/journal.pone.0021101},
    doi         = {10.1371/journal.pone.0021101},
    date        = {2011},
    journal     = {PLoS ONE},
    eid         = {e21101}
}


@article{Uher2023,
    title       = {What’s wrong with rating scales? Psychology’s replication and confidence crisis cannot be solved without transparency in data generation},
    author      = {Uher, J.},
    volume      = {e12740},
    url         = {https://doi.org/10.1111/spc3.12740},
    doi         = {10.1111/spc3.12740},
    date        = {2023},
    journal     = {Social and Personality Psychology Compass, Article},
    eid         = {e12740}
}


@online{University2019,
    title       = {Counting the costs of casualisation in higher education},
    author      = {{University \& College Union}},
    url         = {https://www.ucu.org.uk/media/10336/Counting-the-costs-of-casualisation-in-higher-education-Jun-19/pdf/ucu_casualisation_in_HE_survey_report_Jun19.pdf},
    date        = {2019}
}


@online{University2022,
    title       = {Four fights dispute {FAQs}},
    author      = {{University \& College Union}},
    url         = {https://www.ucu.org.uk/article/11818/Four-fights-dispute-FAQs},
    date        = {2022}
}


@article{Urbina-Garcia2020,
    title       = {What do we know about university academics’ mental health? A systematic literature review},
    author      = {Urbina-Garcia, A.},
    number      = {5},
    volume      = {36},
    url         = {https://doi.org/10.1002/smi.2956},
    doi         = {10.1002/smi.2956},
    date        = {2020},
    pages       = {563–585},
    journal     = {Stress and Health}
}


@article{UygunTunç2022,
    title       = {Is open science neoliberal?},
    author      = {Uygun Tunç, D. and Tunç, M. N. and Eper, Z. B.},
    volume      = {174569162211148},
    url         = {https://doi.org/10.1177/17456916221114835},
    doi         = {10.1177/17456916221114835},
    date        = {2022},
    journal     = {Perspectives on Psychological Science}
}


@article{Vican2020,
    title       = {Metrics, money, and managerialism: Faculty experiences of competing logics in higher education},
    author      = {Vican, S. and Friedman, A. and Andreasen, R.},
    number      = {1},
    volume      = {91},
    url         = {https://doi.org/10.1080/00221546.2019.1615332},
    doi         = {10.1080/00221546.2019.1615332},
    date        = {2020},
    pages       = {139–164},
    journal     = {The Journal of Higher Education}
}


@article{Weitzenboeck2022,
    title       = {The {GDPR} and unstructured data: Is anonymization possible?},
    author      = {Weitzenboeck, E. M. and Lison, P. and Cyndecka, M. and Langford, M.},
    volume      = {ipac008},
    url         = {https://doi.org/10.1093/idpl/ipac008},
    doi         = {10.1093/idpl/ipac008},
    date        = {2022},
    journal     = {International Data Privacy Law},
    eid         = {ipac008}
}


@article{Wicherts2016,
        doi = {10.3389/fpsyg.2016.01832},
        url = {https://doi.org/10.3389/fpsyg.2016.01832},
        year = 2016,
        month = {nov},
        publisher = {Frontiers Media {SA}},
        volume = {7},
        author = {Jelte M. Wicherts and Coosje L. S. Veldkamp and Hilde E. M. Augusteijn and Marjan Bakker and Robbie C. M. van Aert and Marcel A. L. M. van Assen},
        title = {Degrees of Freedom in Planning, Running, Analyzing, and Reporting Psychological Studies: A Checklist to Avoid p-Hacking},
        journal = {Frontiers in Psychology}
}



@article{Wilkinson2016,
    title       = {The {FAIR Guiding Principles} for scientific data management and stewardship},
    author={Wilkinson, Mark D.
and Dumontier, Michel
and Aalbersberg, IJsbrand Jan
and Appleton, Gabrielle
and Axton, Myles
and Baak, Arie
and Blomberg, Niklas
and Boiten, Jan-Willem
and da Silva Santos, Luiz Bonino
and Bourne, Philip E.
and Bouwman, Jildau
and Brookes, Anthony J.
and Clark, Tim
and Crosas, Merc{\`e}
and Dillo, Ingrid
and Dumon, Olivier
and Edmunds, Scott
and Evelo, Chris T.
and Finkers, Richard
and Gonzalez-Beltran, Alejandra
and Gray, Alasdair J.G.
and Groth, Paul
and Goble, Carole
and Grethe, Jeffrey S.
and Heringa, Jaap
and 't Hoen, Peter A.C
and Hooft, Rob
and Kuhn, Tobias
and Kok, Ruben
and Kok, Joost
and Lusher, Scott J.
and Martone, Maryann E.
and Mons, Albert
and Packer, Abel L.
and Persson, Bengt
and Rocca-Serra, Philippe
and Roos, Marco
and van Schaik, Rene
and Sansone, Susanna-Assunta
and Schultes, Erik
and Sengstag, Thierry
and Slater, Ted
and Strawn, George
and Swertz, Morris A.
and Thompson, Mark
and van der Lei, Johan
and van Mulligen, Erik
and Velterop, Jan
and Waagmeester, Andra
and Wittenburg, Peter
and Wolstencroft, Katherine
and Zhao, Jun
and Mons, Barend},
    number      = {1},
    volume      = {3},
    url         = {https://doi.org/10.1038/sdata.2016.18},
    doi         = {10.1038/sdata.2016.18},
    date        = {2016},
    journal     = {Scientific Data},
    eid         = {160018}
}


@misc{Williams2022,
    title       = {So, if this is going to be done within my usual hours as part of my current role, what would you like me to stop doing and what reassurances can you offer that this won’t adversely affect my career prospects?},
    author      = {Williams, H.},
    url         = {https://twitter.com/alrightPET/status/1534785730995789827?s=20&t=qcWB_lHaL_7tEgU6Z3ym0A},
    date        = {2022},
    note        = {Tweet}
}


@book{Ziman2000,
    title       = {Real science: What it is and what it means},
    author      = {Ziman, J. M.},
    publisher   = {Cambridge University Press},
    date        = {2000}
}