%% LaTeX2e file `bibliography.bib'
%% generated by the `filecontents' environment
%% from source `toft' on 2023/05/03.
%%
 @article{Birkeland2017,
    title       = {In Response to Avalanche Fatalities in the United States by Jekich et al},
    author      = {Birkeland, K. W. and Greene, E. M. and Logan, S.},
    number      = {4},
    volume      = {28},
    url         = {https://doi.org/10.1016/j.wem.2017.06.009},
    doi         = {10.1016/j.wem.2017.06.009},
    publisher   = {Elsevier Ltd},
    date        = {2017},
    pages       = {380–382},
    journal     = {Wilderness and Environmental Medicine}
}


@book{Buhler2016,
    title       = {Using crowdsourced data to understand terrain usage patterns of backcountry recreational users},
    author      = {Buhler, R. and Floyer, J.},
    publisher   = {International Snow Science Workshop},
    place       = {Breckenridge, USA},
    date        = {2016}
}


@article{Engeset2018,
    title       = {Communicating public avalanche warnings – what works?},
    author      = {Engeset, R.v and Pfuhl, G. and Landrø, M. and Mannberg, A. and Hetland, A.},
    volume      = {18},
    url         = {https://doi.org/https://doi.org/10.5194/nhess-18-2537-2018},
    doi         = {10.5194/nhess-18-2537-2018},
    date        = {2018},
    pages       = {2537–2559},
    journal     = {Natural Hazards and Earth System Science}
}


@article{Ebert2019,
    title       = {Bayesian reasoning in avalanche terrain: a theoretical investigation},
    author      = {Ebert, P. A.},
    number      = {1},
    volume      = {19},
    url         = {https://doi.org/10.1080/14729679.2018.1508356},
    doi         = {10.1080/14729679.2018.1508356},
    date        = {2019},
    pages       = {84–95},
    journal     = {Journal of Adventure Education and Outdoor Learning}
}


@book{Francisco2018,
    title       = {Exploring the potential of mobile phone data (call detail records) to track and analyze backcountry skiers’ dynamics in avalanche terrain},
    author      = {Francisco, G. and Apodaka, J. and Travesset-Baro, O. and Vilella, M. and Margalef, A. and Pons, M.},
    publisher   = {International Snow Science Workshop},
    place       = {Innsbruck, Austria},
    date        = {2018}
}


@article{González2008,
    title       = {Understanding individual human mobility patterns},
    author      = {González, M. C. and Hidalgo, C. A. and Barabási, A.-L.},
    number      = {7196},
    volume      = {453},
    url         = {https://doi.org/10.1038/nature06958},
    doi         = {10.1038/nature06958},
    date        = {2008},
    pages       = {779–782},
    journal     = {Nature}
}


@book{Hendrikx2014,
    title       = {Using global crowd-sourced data to understand travel behavior in avalanche terrain},
    author      = {Hendrikx, J. and Johnson, J.},
    publisher   = {International Snow Science Workshop},
    place       = {Banff, Canada},
    date        = {2014},
    pages       = {224–227}
}


@article{Hendrikx2016,
    title       = {Using {GPS} tracking to explore terrain preferences of heli-ski guides},
    author      = {Hendrikx, Jordy and Johnson, J. and Shelly, C.},
    volume      = {13},
    url         = {https://doi.org/10.1016/j.jort.2015.11.004},
    doi         = {10.1016/j.jort.2015.11.004},
    date        = {2016},
    journal     = {Journal of Outdoor Recreation and Tourism}
}


@article{Howard1984,
    title       = {On Fates Comparable to Death},
    author      = {Howard, R. A.},
    number      = {4},
    volume      = {30},
    date        = {1984},
    pages       = {407–422},
    journal     = {Management Science}
}


@article{Jansen2021,
    title       = {Guiding principles to maintain public trust in the use of mobile operator data for policy purposes},
    author      = {Jansen, R. and Kovacs, K. and Esko, S. and Saluveer, E. and Sõstra, K. and Bengtsson, L. and Li, T. and Adewole, W. A. and Nester, J. and Arai, A. and Magpantay, E.},
    volume      = {3},
    url         = {https://doi.org/https://doi.org/10.1017/dap.2021.21},
    doi         = {10.1017/dap.2021.21},
    date        = {2021},
    journal     = {Data \& Policy}
}


@article{Jekich2016,
    title       = {Avalanche Fatalities in the United States: {A} Change in Demographics},
    author      = {Jekich, B. M. and Drake, B. D. and Nacht, J. Y. and Nichols, A. and Ginde, A. A. and Davis, C. B.},
    number      = {1},
    volume      = {27},
    url         = {https://doi.org/10.1016/j.wem.2015.11.004},
    doi         = {10.1016/j.wem.2015.11.004},
    date        = {2016},
    pages       = {46–52},
    journal     = {Wilderness \& Environmental Medicine}
}


@article{Johnson2020,
    title       = {Rethinking the heuristic traps paradigm in avalanche education: {P}ast, present and future},
    author      = {Johnson, J. and Mannberg, A. and Hendrikx, J. and Hetland, A. and Stephensen, M.},
    number      = {1},
    volume      = {6},
    url         = {https://doi.org/10.1080/23311886.2020.1807111},
    doi         = {10.1080/23311886.2020.1807111},
    date        = {2020},
    pages       = {1807111},
    journal     = {Cogent Social Sciences}
}


@article{Kahneman1973,
    title       = {On the psychology of prediction},
    author      = {Kahneman, D. and Tversky, A.},
    number      = {4},
    volume      = {80},
    url         = {https://doi.org/10.1037/h0034747},
    doi         = {10.1037/h0034747},
    date        = {1973},
    pages       = {237–251},
    journal     = {Psychological Review}
}


@article{Kalsnes2021,
    author      = {Kalsnes, B. and Solheim, A. and Sverdrup-Thygeson, K. and Dingsør-Dehlin, F. and Wasrud, J. and Indrevær, K. and Bergbjørn, K.},
    date        = {2021}
}


@article{Larsen2020,
    title       = {Developing nationwide avalanche terrain maps for Norway},
    author      = {Larsen, H. T. and Hendrikx, J. and Slåtten, M. S. and Engeset, R.v},
    number      = {3},
    volume      = {103},
    url         = {https://doi.org/10.1007/s11069-020-04104-7},
    doi         = {10.1007/s11069-020-04104-7},
    date        = {2020},
    journal     = {Natural Hazards}
}


@inbook{MLGM2021,
    title       = {Bredbånd og mobil},
    author      = {{MLGM}},
    url         = {https://www.regjeringen.no/no/tema/transport-og-kommunikasjon/elektronisk-kommunikasjon/ekomartikler_2019/bredband-og-mobil/id2642610/},
    date        = {2021},
    booktitle     = {Ministry of Local Government and Modernization}
}


@book{NGI2019,
    title       = {Ulykker med død},
    author      = {{NGI}},
    url         = {https://www.ngi.no/Tjenester/Fagekspertise/Snoeskred/snoskred.no2/Ulykker-med-doed},
    publisher   = {Norwegian Geotechnical Institute},
    date        = {2019}
}


@book{NorwegianCentreforClimateServices2021,
    title       = {Observasjoner og værstatistikk},
    author      = {{Norwegian Centre for Climate Services}},
    publisher   = {Norwegian Centre for Climate Services},
    url         = {https://seklima.met.no/},
    date        = {2021}
}

@inproceedings{Ortega2018,
author = {Ortega, Cristian and Wollgast, Roy and Latosuo, Eeva},
title = {Presence of Social Media Use and Smart Phone Technology
Among Backcountry Skiers and Snowboarders, Hatcher Pass, Alaska},
booktitle = {Proceedings of the International Snow Science Workshop},
year = {2018},
address = {Innsbruck, Austria},
pages = {1583}
}

@article{Saly2020,
    title       = {Using time lapse photography to document terrain preferences of backcountry skiers},
    author      = {Saly, D. and Hendrikx, J. and Birkeland, K. W. and Challender, S. and Johnson, J.},
    volume      = {172},
    url         = {https://doi.org/10.1016/j.coldregions.2020.102994},
    doi         = {10.1016/j.coldregions.2020.102994},
    date        = {2020},
    pages       = {102994},
    journal     = {Cold Regions Science and Technology}
}


@article{SatAgro2019,
    title       = {Suntime},
    author      = {{SatAgro}},
    url         = {https://github.com/SatAgro/suntime},
    date        = {2019},
    journal     = {GitHub}
}

@article{Schweizer2008,
        doi = {10.1016/j.coldregions.2008.08.005},
        url = {https://doi.org/10.1016/j.coldregions.2008.08.005},
        year = 2008,
        month = {nov},
        publisher = {Elsevier {BV}},
        volume = {54},
        number = {3},
        pages = {153--154},
        author = {Jürg Schweizer},
        title = {Snow avalanche formation and dynamics},
        journal = {Cold Regions Science and Technology}
}


@article{Sole2008,
    title       = {Human risk factors in avalanche incidents},
    author      = {Sole, A. and Emery, C.},
    date        = {2008}
}


@article{Song2010,
    title       = {Modelling the scaling properties of human mobility},
    author      = {Song, C. and Koren, T. and Wang, P. and Barabási, A.-L.},
    number      = {10},
    volume      = {6},
    url         = {https://doi.org/10.1038/nphys1760},
    doi         = {10.1038/nphys1760},
    date        = {2010},
    pages       = {818–823},
    journal     = {Nature Physics}
}


@article{Speedtest2021,
    title       = {Best mobile coverage 2021},
    author      = {{Speedtest}},
    url         = {https://www.speedtest.net/awards/coverage/?},
    date        = {2021},
    journal     = {Speedtest Awards}
}


@inproceedings{Statham2006,
    title       = {The Avalanche Terrain Exposure Scale},
    author      = {Statham, G. and McMahon, B. and Tomm, I.},
    url         = {http://www.lauegi.conselharan.org/files/ATES},
    place       = {Colorado},
    date        = {2006},
    pages       = {491–497},
    booktitle     = {International Snow Science Workshop Proceedings, Telluride}
}


@article{Statista2021,
    title       = {Share of individuals who had access to a smartphone in Norway from 2012 to},
    author      = {{Statista}},
    url         = {https://www.statista.com/statistics/631747/norway-smartphone-user-penetration/},
    date        = {2021}
}


@book{StatisticsNorway2021,
    title       = {Kart og geodata fra {SSB}},
    author      = {{Statistics Norway}},
    url         = {https://www.ssb.no/en},
    publisher   = {Statistics Norway},
    date        = {2021}
}


@article{Sykes2020,
    title       = {Combining {GPS} tracking and survey data to better understand travel behavior of out-of-bounds skiers},
    author      = {Sykes, J. and Hendrikx, J. and Johnson, J. and Birkeland, K. W.},
    volume      = {122},
    url         = {https://doi.org/10.1016/j.apgeog.2020.102261},
    doi         = {10.1016/j.apgeog.2020.102261},
    date        = {2020},
    journal     = {Applied Geography}
}


@article{Techel2016,
        doi = {10.5194/gh-71-147-2016},
        url = {https://doi.org/10.5194/gh-71-147-2016},
        year = 2016,
        month = {jun},
        publisher = {Copernicus {GmbH}},
        volume = {71},
        number = {2},
        pages = {147--159},
        author = {Frank Techel and Fr{\'{e}}d{\'{e}}ric Jarry and Georg Kronthaler and Susanna Mitterer and Patrick Nairz and Miha Pav{\v{s}}ek and Mauro Valt and Gian Darms},
        title = {Avalanche fatalities in the European Alps: long-term trends and statistics},
        journal = {Geographica Helvetica}
}

@article{Techel2020,
        doi = {10.5194/nhess-20-1941-2020},
        url = {https://doi.org/10.5194/nhess-20-1941-2020},
        year = 2020,
        month = {jul},
        publisher = {Copernicus {GmbH}},
        volume = {20},
        number = {7},
        pages = {1941--1953},
        author = {Frank Techel and Kurt Winkler and Matthias Walcher and Alec van Herwijnen and Jürg Schweizer},
        title = {On snow stability interpretation of extended column test results},
        journal = {Natural Hazards and Earth System Sciences}
}

@article{Telenor2021,
    title       = {Dekningskart},
    author      = {{Telenor}},
    url         = {https://www.telenor.no/dekning/#dekningskart},
    date        = {2021},
    journal     = {Telenor}
}


@article{Telia2021,
    title       = {Dekningskart},
    author      = {{Telia}},
    url         = {https://www.telia.no/nett/dekning/},
    date        = {2021},
    journal     = {Telia}
}


@article{Thapa2010,
    title       = {The Mediation Effect of Outdoor Recreation Participation on Environmental Attitude-Behavior Correspondence},
    author      = {Thapa, B.},
    number      = {3},
    volume      = {41},
    url         = {https://doi.org/10.1080/00958960903439989},
    doi         = {10.1080/00958960903439989},
    date        = {2010},
    pages       = {133–150},
    journal     = {The Journal of Environmental Education}
}


@article{Thumlert2017,
    title       = {Describing the severity of avalanche terrain numerically using the observed terrain selection practices of professional guides},
    author      = {Thumlert, S. and Haegeli, P.},
    url         = {https://doi.org/10.1007/s11069-017-3113-y},
    doi         = {10.1007/s11069-017-3113-y},
    date        = {2017},
    pages       = {1–27},
    journal     = {Natural Hazards}
}


@book{UN2021,
    title       = {Country profile},
    author      = {{UN}},
    url         = {https://data.un.org/CountryProfile.aspx/_Images/CountryProfile.aspx?crName=Norway},
    publisher   = {Norway. United Nations},
    date        = {2021}
}


@inproceedings{Valla1984,
    title       = {The French experience in avalanche education for skiers},
    author      = {Valla, F.},
    date        = {1984},
    pages       = {70–77},
    booktitle     = {International Snow Science Workshop Proceedings}
}


@article{Varsom2021,
    title       = {Norwegian Avalanche Fatalities},
    author      = {{Varsom}},
    url         = {https://www.varsom.no/ulykker/snoskredulykker-og-hendelser/},
    date        = {2021}
}


@article{Walcher2019,
    title       = {Risk of Death and Major Injury from Natural Winter Hazards in Helicopter and Snowcat Skiing in Canada},
    author      = {Walcher, M. and Haegeli, P. and Fuchs, S.},
    number      = {3},
    volume      = {30},
    url         = {https://doi.org/https://doi.org/10.1016/j.wem.2019.04.007},
    doi         = {10.1016/j.wem.2019.04.007},
    date        = {2019},
    pages       = {251–259},
    journal     = {Wilderness \& Environmental Medicine}
}


@article{Willibald2019,
    title       = {Predicting outdoor recreation demand on a national scale – The case of Switzerland},
    author      = {Willibald, F. and van Strien, M. J. and Blanco, V. and Grêt-Regamey, A.},
    volume      = {113},
    url         = {https://doi.org/10.1016/j.apgeog.2019.102111},
    doi         = {10.1016/j.apgeog.2019.102111},
    date        = {2019},
    pages       = {102111},
    journal     = {Applied Geography}
}


@article{Wing2005,
    title       = {Consumer-grade global positioning system ({GPS}) accuracy and reliability},
    author      = {Wing, M. and Eklund, A. and Kellogg, L. D.},
    number      = {4},
    volume      = {103},
    date        = {2005},
    pages       = {169–173},
    journal     = {Journal of Forestry}
}


@inbook{Winkler2015,
    title       = {Entwicklung des Lawinenrisikos bei Aktivitäten im freien Gelände},
    author      = {Winkler, K.},
    date        = {2015},
    pages       = {109–112},
    booktitle     = {Lawinen Und Recht. Tagungsband Zum Internationalen Seminar}
}


@article{Winkler2016,
    title       = {Avalanche risk in winter backcountry touring: status and recent trends in Switzerland},
    author      = {Winkler, K. and Fischer, A. and Techel, F.},
    url         = {https://doi.org/https://doi.org/10.5167/uzh-126510},
    doi         = {10.5167/uzh-126510},
    date        = {2016},
    pages       = {270–276},
    journal     = {Zurich Open Repository and Archive}
}


@article{Winkler2021,
    title       = {On the correlation between the forecast avalanche danger and avalanche risk taken by backcountry skiers in Switzerland},
    author      = {Winkler, K. and Schmudlach, G. and Degraeuwe, B. and Techel, F.},
    volume      = {188},
    url         = {https://doi.org/10.1016/j.coldregions.2021.103299},
    doi         = {10.1016/j.coldregions.2021.103299},
    date        = {2021},
    pages       = {103299},
    journal     = {Cold Regions Science and Technology}
}


@article{WMO2021,
    title       = {{WMO} Guidelines on Multi-hazard Impact-based Forecast and Warning Services: {P}art {II}: {P}utting Multi-Hazard {IBFWS} into Practice},
    author      = {{WMO}},
    number      = {1150},
    date        = {2021},
    journal     = {WMO}
}


@article{Zhao2016,
    title       = {Understanding the bias of call detail records in human mobility research},
    author      = {Zhao, Z. and Shaw, S.-L. and Xu, Y. and Lu, F. and Chen, J. and Yin, L.},
    number      = {9},
    volume      = {30},
    url         = {https://doi.org/10.1080/13658816.2015.1137298},
    doi         = {10.1080/13658816.2015.1137298},
    date        = {2016},
    pages       = {1738–1762},
    journal     = {International Journal of Geographical Information Science}
}


@book{Zweifel2006,
    title       = {Avalanche risk for recreationists in backcountry and in off-piste area: {S}urveying methods and pilot study at Davos},
    author      = {Zweifel, B. and Raez, A. and Stucki, T.},
    publisher   = {International Snow Science Proceedings},
    place       = {Switzerland},
    date        = {2006},
    pages       = {733–741}
}


@article{Ågren2021,
    title       = {The use of anonymized and aggregated telecom mobility data by a public health agency during the {COVID}-19 pandemic: {L}earnings from both the operator and agency perspective},
    volume      = {3},
    issue       = {17},
    author      = {Ågren, K. and Bjelkmar, P. and Allison, E.},
    url         = {https://doi:10.1017/dap.2021.11},
    date        = {2021},
    journal     = {Data \& Policy}
}


