%% LaTeX2e file `bibliography.bib'
%% generated by the `filecontents' environment
%% from source `main' on 2024/06/21.
%%
 @article{Association2024,
    title       = {8-hour time-restricted eating linked to a 91\% higher risk of cardiovascular death},
    author      = {Association, American Heart},
    url         = {https://newsroom.heart.org/news/8-hour-time-restricted-eating-linked-to-a-91-higher-risk-of-cardiovascular-death/},
    date        = {2024-03-18},
    journal     = {Newsroom}
}


@article{Bendix2024,
    title       = {Intermittent fasting linked to higher risk of cardiovascular death, research suggests},
    author      = {Bendix, A.},
    url         = {https://www.nbcnews.com/health/heart-health/intermittent-fasting-risk-cardiovascular-death-rcna143853},
    date        = {2024-03-18},
    journal     = {NBC News}
}


@article{Caulfield2012,
    title       = {Science and the sources of hype},
    author      = {Caulfield, T. and Condit, C.},
    number      = {3-4},
    volume      = {15},
    url         = {http://doi.org/10.1159/000336533},
    doi         = {10.1159/000336533},
    date        = {2012},
    pages       = {209--217},
    journal     = {Public Health Genomics}
}


@book{bib3,
    title       = {Center for Healthy Aging (n.d.). Center for Healthy Aging},
    url         = {https://healthyaging.ku.dk},
    publisher   = {University of Copenhagen}
}


@article{DeCabo2019,
    title       = {Effects of intermittent fasting on health, aging, and disease},
    author      = {De Cabo, R. and Mattson, M. P.},
    number      = {26},
    volume      = {381},
    url         = {http://doi.org/10.1056/NEJMra1905136},
    doi         = {10.1056/NEJMra1905136},
    date        = {2019},
    pages       = {2541--2551},
    journal     = {New England Journal of Medicine}
}


@article{Dresler2019,
    title       = {Hacking the brain: dimensions of cognitive enhancement},
    author      = {Dresler, M. and Sandberg, A. and Bublitz, C. and Ohla, K. and Trenado, C. and Mroczko-Wasowicz, A. and Kühn, S. and Repantis, D.},
    number      = {3},
    volume      = {10},
    url         = {https://doi.org/10.1021/acschemneuro.8b00571},
    doi         = {10.1021/acschemneuro.8b00571},
    date        = {2019},
    pages       = {1137--1148},
    journal     = {ACS Chemical Neuroscience}
}


@article{Franke2017,
    title       = {Methylphenidate, modafinil, and caffeine for cognitive enhancement in chess: {A} double-blind, randomised controlled trial},
    author      = {Franke, A. G. and Gränsmark, P. and Agricola, A. and Schühle, K. and Rommel, T. and Sebastian, A. and Balló, H. E. and Gorbulev, S. and Gerdes, C. and Frank, B. and Ruckes, C. and Tüscher, O. and Lieb, K.},
    number      = {3},
    volume      = {27},
    url         = {http://doi.org/10.1016/j.euroneuro.2017.01.006},
    doi         = {10.1016/j.euroneuro.2017.01.006},
    date        = {2017},
    pages       = {248--260},
    journal     = {European Neuropsychopharmacology}
}


@article{Greely2008,
    title       = {Towards responsible use of cognitive-enhancing drugs by the healthy},
    author      = {Greely, H. and Sahakian, B. and Harris, J. and Kessler, R. C. and Gazzaniga, M. and Campbell, P. and Farah, M. J.},
    number      = {7223},
    volume      = {456},
    url         = {http://doi.org/10.1038/456702a},
    doi         = {10.1038/456702a},
    date        = {2008},
    pages       = {702--705},
    journal     = {Nature}
}


@book{Hengartner2022,
    title       = {Evidence-biased Antidepressant Prescription: {O}vermedicalisation, Flawed Research, and Conflicts of Interest},
    author      = {Hengartner, M. P.},
    publisher   = {Palgrave Macmillan},
    place       = {Cham},
    date        = {2022}
}


@article{Johnstone2015,
    title       = {Fasting for weight loss: an effective strategy or latest dieting trend?},
    author      = {Johnstone, A.},
    number      = {5},
    volume      = {39},
    url         = {http://doi.org/10.1038/ijo.2014.214},
    doi         = {10.1038/ijo.2014.214},
    date        = {2015},
    pages       = {727--733},
    journal     = {International Journal of Obesity}
}


@article{Leclerc2020,
    title       = {The effect of caloric restriction on working memory in healthy non-obese adults},
    author      = {Leclerc, E. and Trevizol, A. P. and Grigolon, R. B. and Subramaniapillai, M. and McIntyre, R. S. and Brietzke, E. and Mansur, R. B.},
    number      = {1},
    volume      = {25},
    url         = {http://doi.org/10.1017/S1092852918001566},
    doi         = {10.1017/S1092852918001566},
    date        = {2020},
    pages       = {2--8},
    journal     = {CNS Spectrums}
}


@book{UniversityXXXX,
    title       = {Healthy Ageing},
    author      = {University, Leiden},
    url         = {https://www.universiteitleiden.nl/en/research-dossiers/taking-care-of-your-health/healthy-ageing},
    publisher   = {Leiden University},
    date        = {XXXX}
}


@article{Nieuws2024,
    title       = {Amerikaanse hartstichting waarschuwt voor vasten, kans op voortijdig overlijden},
    author      = {Nieuws, N. O. S.},
    url         = {https://nos.nl/artikel/2513387-amerikaanse-hartstichting-waarschuwt-voor-vasten-kans-op-voortijdig-overlijden},
    date        = {2024-03-19},
    journal     = {NOS}
}


@article{O'Connor2024,
    title       = {The intermittent fasting trend may pose risks to your heart},
    author      = {O'Connor, A.},
    url         = {https://www.washingtonpost.com/wellness/2024/03/18/intermittent-fasting-time-restricted-eating/},
    date        = {2024-03-18},
    journal     = {The Washington Post}
}


@article{Ooi2020,
    title       = {Intermittent fasting enhanced the cognitive function in older adults with mild cognitive impairment by inducing biochemical and metabolic changes: {A} 3-year progressive study},
    author      = {Ooi, T. C. and Meramat, A. and Rajab, N. F. and Shahar, S. and Ismail, I. S. and Azam, A. A. and Sharif, R.},
    number      = {9},
    volume      = {12},
    url         = {http://doi.org/10.3390/nu12092644},
    doi         = {10.3390/nu12092644},
    date        = {2020},
    pages       = {2644},
    journal     = {Nutrients}
}


@article{Roberts2020,
    title       = {How effective are pharmaceuticals for cognitive enhancement in healthy adults? A series of meta-analyses of cognitive performance during acute administration of modafinil, methylphenidate and D-amphetamine},
    author      = {Roberts, C. A. and Jones, A. and Sumnall, H. and Gage, S. H. and Montgomery, C.},
    volume      = {38},
    url         = {http://doi.org/10.1016/j.euroneuro.2020.07.002},
    doi         = {10.1016/j.euroneuro.2020.07.002},
    date        = {2020},
    pages       = {40--62},
    journal     = {European Neuropsychopharmacology}
}


@article{Schleim2014,
    title       = {Whose well-being? Common conceptions and misconceptions in the enhancement debate},
    author      = {Schleim, S.},
    volume      = {8, Article 148},
    url         = {http://doi.org/10.3389/fnsys.2014.00148},
    doi         = {10.3389/fnsys.2014.00148},
    date        = {2014},
    journal     = {Frontiers in Systems Neuroscience}
}


@article{Schleim2020,
    title       = {Neuroenhancement as instrumental drug use: {P}utting the debate in a different frame},
    author      = {Schleim, S.},
    volume      = {11, Article 567497},
    url         = {https://doi.org/10.3389/fpsyt.2020.567497},
    doi         = {10.3389/fpsyt.2020.567497},
    date        = {2020},
    journal     = {Frontiers in Psychiatry}
}


@book{Schleim2023,
    title       = {Mental Health and Enhancement: {S}ubstance Use and Its Social Implications},
    author      = {Schleim, S.},
    publisher   = {Palgrave Macmillan},
    place       = {Cham},
    date        = {2023}
}


@article{Schleim2018,
    title       = {How realistic are the scientific assumptions of the neuroenhancement debate? Assessing the pharmacological optimism and neuroenhancement prevalence hypotheses},
    author      = {Schleim, S. and Quednow, B. B.},
    volume      = {9, Article 315603},
    url         = {https://doi.org/10.3389/fphar.2018.00003},
    doi         = {10.3389/fphar.2018.00003},
    date        = {2018},
    journal     = {Frontiers in Pharmacology}
}


@article{Turner2006,
    title       = {Neuroethics of Cognitive Enhancement},
    author      = {Turner, D. C. and Sahakian, B. J.},
    number      = {1},
    volume      = {1},
    date        = {2006},
    pages       = {113--123},
    journal     = {BioSocieties}
}


@book{undefinedXXXX,
    title       = {Healthy Ageing},
    url         = {https://umcgresearch.org/w/healthy-ageing},
    publisher   = {University Medical Center Groningen},
    date        = {XXXX}
}


@article{Walsh2011,
    title       = {Lifestyle and mental health},
    author      = {Walsh, R.},
    number      = {7},
    volume      = {66},
    url         = {http://doi.org/10.1037/a0021769},
    doi         = {10.1037/a0021769},
    date        = {2011},
    pages       = {579--592},
    journal     = {American Psychologist}
}
