
@article{Bechara1994,
  title = {Insensitivity to Future Consequences Following Damage to Human Prefrontal Cortex},
  author = {Bechara, Antoine and Damasio, Antonio R. and Damasio, Hanna and Anderson, Steven W.},
  date = {1994-04},
  journaltitle = {Cognition},
  shortjournal = {Cognition},
  volume = {50},
  pages = {7--15},
  issn = {00100277},
  doi = {10.1016/0010-0277(94)90018-3},
  file = {/home/thomas/Zotero/storage/ZSJM29II/BecharaA et al_1994_Insensitivity_to_future_consequences_following_damage_to_human_prefrontal_cortex.pdf},
  langid = {english},
  number = {1-3}
}

@article{Bernoster2019,
  title = {Birds of a Feather Flock Together: {{Evidence}} of Prominent Correlations within but Not between Self-Report, Behavioral, and Electrophysiological Measures of Impulsivity},
  shorttitle = {Birds of a Feather Flock Together},
  author = {Bernoster, Indy and De Groot, Kristel and Wieser, Matthias J. and Thurik, Roy and Franken, Ingmar H. A.},
  date = {2019-07},
  journaltitle = {Biological Psychology},
  shortjournal = {Biological Psychology},
  volume = {145},
  pages = {112--123},
  issn = {03010511},
  doi = {10.1016/j.biopsycho.2019.04.008},
  file = {/home/thomas/Zotero/storage/CCG3RV7U/BernosterI et al_2019_Birds_of_a_feather_flock_together_Evidence_of_prominent_correlations_within_but_not_between_self-report,_behavioral,_and_electrophysiological_measures_of_impulsivity.pdf;/home/thomas/Zotero/storage/ZBLRFRGA/Bernoster et al. - 2019 - Birds of a feather flock together Evidence of pro.pdf},
  langid = {english}
}

@article{Bishara2009,
  title = {Similar Processes despite Divergent Behavior in Two Commonly Used Measures of Risky Decision Making},
  author = {Bishara, A. J. and Pleskac, T. J. and Fridberg, D. J. and Yechiam, E. and Lucas, J. and Busemeyer, J. R. and Finn, P. R. and Stout, J. C.},
  date = {2009},
  journaltitle = {Journal of Behavioral Decision Making},
  volume = {22},
  pages = {435--454},
  doi = {10.1002/bdm.641}
}

@article{Blais2006,
  title = {A Domain-Specific Risk-Taking ({{DOSPERT}}) Scale for Adult Populations},
  author = {Blais, Ann-Renee and Weber, Elke U.},
  date = {2006},
  journaltitle = {Judgment and Decision Making},
  volume = {1},
  pages = {33--47},
  doi = {10.1037/t13084-000}
}

@data{Blais2012,
  title = {Domain-{{Specific Risk}}-{{Taking Scale}}},
  author = {Blais, Ann-Renee and Weber, Elke U.},
  date = {2012-08-13},
  publisher = {{American Psychological Association}},
  doi = {10.1037/t13084-000},
  langid = {english}
}

@article{Brand2005,
  title = {Decision-{{making deficits}} of {{Korsakoff patients}} in a {{new gambling task with explicit Rules}}: {{Associations with executive functions}}.},
  shorttitle = {Decision-{{Making Deficits}} of {{Korsakoff Patients}} in a {{New Gambling Task With Explicit Rules}}},
  author = {Brand, Matthias and Fujiwara, Esther and Borsutzky, Sabine and Kalbe, Elke and Kessler, Josef and Markowitsch, Hans J.},
  date = {2005},
  journaltitle = {Neuropsychology},
  shortjournal = {Neuropsychology},
  volume = {19},
  pages = {267--277},
  issn = {1931-1559, 0894-4105},
  doi = {10.1037/0894-4105.19.3.267},
  file = {/home/thomas/Zotero/storage/LXJHC9TY/BrandM et al_2005_Decision-Making_Deficits_of_Korsakoff_Patients_in_a_New_Gambling_Task_With_Explicit_Rules_Associations_With_Executive_Functions..pdf},
  langid = {english},
  number = {3}
}

@article{Brand2006,
  ids = {Brand2006a},
  title = {Neuropsychological Correlates of Decision-Making in Ambiguous and Risky Situations},
  author = {Brand, Matthias and Labudda, Kirsten and Markowitsch, Hans J.},
  date = {2006-10},
  journaltitle = {Neural Networks},
  shortjournal = {Neural Networks},
  volume = {19},
  pages = {1266--1276},
  issn = {08936080},
  doi = {10.1016/j.neunet.2006.03.001},
  file = {/home/thomas/Zotero/storage/S2DDVSJR/BrandM et al_2006_Neuropsychological_correlates_of_decision-making_in_ambiguous_and_risky_situations.pdf},
  langid = {english},
  number = {8}
}

@article{Brand2007,
  title = {Decisions under Ambiguity and Decisions under Risk: {{Correlations}} with Executive Functions and Comparisons of Two Different Gambling Tasks with Implicit and Explicit Rules},
  author = {Brand, M. and Recknor, E. C. and Grabenhorst, F. and Bechara, A.},
  date = {2007},
  journaltitle = {Journal of Clinical and Experimental Neuropsychology},
  volume = {29},
  pages = {86--99},
  doi = {10.1080/13803390500507196}
}

@article{Buelow2009,
  ids = {Buelow2009a},
  title = {Construct {{validity}} of the {{Iowa Gambling Task}}},
  author = {Buelow, Melissa T. and Suhr, Julie A.},
  date = {2009-03},
  journaltitle = {Neuropsychology Review},
  shortjournal = {Neuropsychol Rev},
  volume = {19},
  pages = {102--114},
  issn = {1040-7308, 1573-6660},
  doi = {10.1007/s11065-009-9083-4},
  file = {/home/thomas/Zotero/storage/GKWINQTL/BuelowM_SuhrJ_2009_Construct_Validity_of_the_Iowa_Gambling_Task.pdf},
  langid = {english},
  number = {1}
}

@article{Busemeyer2002,
  title = {A Contribution of Cognitive Decision Models to Clinical Assessment: {{Decomposing}} Performance on the {{Bechara}} Gambling Task.},
  shorttitle = {A Contribution of Cognitive Decision Models to Clinical Assessment},
  author = {Busemeyer, Jerome R. and Stout, Julie C.},
  date = {2002},
  journaltitle = {Psychological Assessment},
  shortjournal = {Psychological Assessment},
  volume = {14},
  pages = {253--262},
  issn = {1939-134X, 1040-3590},
  doi = {10.1037/1040-3590.14.3.253},
  file = {/home/thomas/Zotero/storage/GQK6MKJ6/busemeyer2002.pdf;/home/thomas/Zotero/storage/R7ASZTF3/Busemeyer and Stout - 2002 - A contribution of cognitive decision models to cli.pdf},
  langid = {english},
  number = {3}
}

@article{Crosetto2013,
  title = {The “Bomb” Risk Elicitation Task},
  author = {Crosetto, Paolo and Filippin, Antonio},
  date = {2013-08},
  journaltitle = {Journal of Risk and Uncertainty},
  shortjournal = {J Risk Uncertain},
  volume = {47},
  pages = {31--65},
  issn = {0895-5646, 1573-0476},
  doi = {10.1007/s11166-013-9170-z},
  file = {/home/thomas/Zotero/storage/L9FB6DWQ/crosetto2013.pdf;/home/thomas/Zotero/storage/VVUCRQ4E/Crosetto and Filippin - 2013 - The “bomb” risk elicitation task.pdf},
  langid = {english},
  number = {1}
}

@article{deGroot2018,
  ids = {deGroot2018},
  title = {Disentangling {{risk}} and {{uncertainty}}: {{When risk}}-{{taking measures are not about risk}}},
  shorttitle = {Disentangling {{Risk}} and {{Uncertainty}}},
  author = {De Groot, Kristel and Thurik, Roy},
  date = {2018-11-15},
  journaltitle = {Frontiers in Psychology},
  shortjournal = {Front. Psychol.},
  volume = {9},
  pages = {2194},
  issn = {1664-1078},
  doi = {10.3389/fpsyg.2018.02194},
  file = {/home/thomas/Zotero/storage/7HRJAXDQ/De Groot and Thurik - 2018 - Disentangling Risk and Uncertainty When Risk-Taki.pdf;/home/thomas/Zotero/storage/WLEUEJ6T/De GrootK_ThurikR_2018_Disentangling_Risk_and_Uncertainty_When_Risk-Taking_Measures_Are_Not_About_Risk.pdf}
}

@article{deGroot2019,
  title = {Event‐related Potentials in Response to Feedback Following Risk‐taking in the Hot Version of the {{Columbia Card Task}}},
  author = {De Groot, Kristel and van Strien, Jan W.},
  date = {2019-09},
  journaltitle = {Psychophysiology},
  shortjournal = {Psychophysiology},
  volume = {56},
  issn = {0048-5772, 1469-8986},
  doi = {10.1111/psyp.13390},
  file = {/home/thomas/Zotero/storage/9FCQV64Z/groot2019.pdf;/home/thomas/Zotero/storage/PTK56IE9/GrootK_StrienJ_2019_Event‐related_potentials_in_response_to_feedback_following_risk‐taking_in_the_hot_version_of_the_Columbia_Card_Task.pdf},
  langid = {english},
  number = {9}
}

@unpublished{Dijkstra2020,
  title = {A Censored Mixture Model for Modeling Risk Taking},
  author = {Dijkstra, N. F. and Tiemeier, H. and Figner, B. C. and Groenen, P. J.},
  date = {2020},
  eprint = {2002.08146},
  eprinttype = {arxiv}
}

@article{Edwards1954,
  title = {The Theory of Decision Making.},
  author = {Edwards, Ward},
  date = {1954},
  journaltitle = {Psychological Bulletin},
  shortjournal = {Psychological Bulletin},
  volume = {51},
  pages = {380--417},
  issn = {1939-1455, 0033-2909},
  doi = {10.1037/h0053870},
  file = {/home/thomas/Zotero/storage/SCBICC9B/edwards1954.pdf;/home/thomas/Zotero/storage/ZMMP2H24/Edwards - 1954 - The theory of decision making..pdf},
  langid = {english},
  number = {4}
}

@article{Ellsberg1961,
  title = {Risk, {{ambiguity}}, and the {{savage axioms}}},
  author = {Ellsberg, Daniel},
  date = {1961-11},
  journaltitle = {The Quarterly Journal of Economics},
  shortjournal = {The Quarterly Journal of Economics},
  volume = {75},
  pages = {643},
  issn = {00335533},
  doi = {10.2307/1884324},
  file = {/home/thomas/Zotero/storage/J4RFDCBW/Ellsberg - 1961 - Risk, Ambiguity, and the Savage Axioms.pdf;/home/thomas/Zotero/storage/V72SJ7CZ/EllsbergD_1961_Risk,_Ambiguity,_and_the_Savage_Axioms.pdf},
  number = {4}
}

@article{Euteneuer2009,
  title = {Dissociation of Decision-Making under Ambiguity and Decision-Making under Risk in Patients with {{Parkinson}}'s Disease: {{A}} Neuropsychological and Psychophysiological Study},
  shorttitle = {Dissociation of Decision-Making under Ambiguity and Decision-Making under Risk in Patients with {{Parkinson}}'s Disease},
  author = {Euteneuer, Frank and Schaefer, Florian and Stuermer, Ralf and Boucsein, Wolfram and Timmermann, Lars and Barbe, Michael T. and Ebersbach, Georg and Otto, Jörg and Kessler, Josef and Kalbe, Elke},
  date = {2009-11},
  journaltitle = {Neuropsychologia},
  shortjournal = {Neuropsychologia},
  volume = {47},
  pages = {2882--2890},
  issn = {00283932},
  doi = {10.1016/j.neuropsychologia.2009.06.014},
  file = {/home/thomas/Zotero/storage/VN5A9MQ4/EuteneuerF et al_2009_Dissociation_of_decision-making_under_ambiguity_and_decision-making_under_risk_in_patients_with_Parkinson's_disease_A_neuropsychological_and_psychophysiological_study.pdf},
  langid = {english},
  number = {13}
}

@article{Ferguson2012,
  title = {A {{vast graveyard}} of {{undead theories}}: {{Publication bias}} and {{psychological science}}’s {{aversion}} to the {{null}}},
  shorttitle = {A {{Vast Graveyard}} of {{Undead Theories}}},
  author = {Ferguson, Christopher J. and Heene, Moritz},
  date = {2012-11},
  journaltitle = {Perspectives on Psychological Science},
  shortjournal = {Perspect Psychol Sci},
  volume = {7},
  pages = {555--561},
  issn = {1745-6916, 1745-6924},
  doi = {10.1177/1745691612459059},
  abstract = {Publication bias remains a controversial issue in psychological science. The tendency of psychological science to avoid publishing null results produces a situation that limits the replicability assumption of science, as replication cannot be meaningful without the potential acknowledgment of failed replications. We argue that the field often constructs arguments to block the publication and interpretation of null results and that null results may be further extinguished through questionable researcher practices. Given that science is dependent on the process of falsification, we argue that these problems reduce psychological science’s capability to have a proper mechanism for theory falsification, thus resulting in the promulgation of numerous “undead” theories that are ideologically popular but have little basis in fact.},
  file = {/home/thomas/Zotero/storage/MK4U2XBQ/FergusonC_HeeneM_2012_A_Vast_Graveyard_of_Undead_Theories_Publication_Bias_and_Psychological_Science’s_Aversion_to_the_Null.pdf},
  langid = {english},
  number = {6}
}

@article{Figner2009,
  title = {Affective and Deliberative Processes in Risky Choice: {{Age}} Differences in Risk Taking in the {{Columbia Card Task}}.},
  shorttitle = {Affective and Deliberative Processes in Risky Choice},
  author = {Figner, Bernd and Mackinlay, Rachael J. and Wilkening, Friedrich and Weber, Elke U.},
  date = {2009},
  journaltitle = {Journal of Experimental Psychology: Learning, Memory, and Cognition},
  shortjournal = {Journal of Experimental Psychology: Learning, Memory, and Cognition},
  volume = {35},
  pages = {709--730},
  issn = {1939-1285, 0278-7393},
  doi = {10.1037/a0014983},
  file = {/home/thomas/Zotero/storage/DES6NFJ8/Figner et al. - 2009 - Affective and deliberative processes in risky choi.pdf;/home/thomas/Zotero/storage/JC6U4QWL/FignerB et al_2009_Affective_and_deliberative_processes_in_risky_choice_Age_differences_in_risk_taking_in_the_Columbia_Card_Task..pdf},
  langid = {english},
  number = {3}
}

@article{Grable1999,
  title = {Financial Risk Tolerance Revisited: The Development of a Risk Assessment Instrument},
  shorttitle = {Financial Risk Tolerance Revisited},
  author = {Grable, J},
  date = {1999},
  journaltitle = {Financial Services Review},
  volume = {8},
  pages = {163--181},
  issn = {10570810},
  doi = {10.1016/s1057-0810(99)00041-4},
  file = {/home/thomas/Zotero/storage/N2KEJW4Q/GrableJ_1999_Financial_risk_tolerance_revisited_the_development_of_a_risk_assessment_instrument⋆.pdf},
  number = {3}
}

@article{Gu2018,
  title = {Predicting Risk Decisions in a Modified {{Balloon Analogue Risk Task}}: {{Conventional}} and Single-Trial {{ERP}} Analyses},
  shorttitle = {Predicting Risk Decisions in a Modified {{Balloon Analogue Risk Task}}},
  author = {Gu, Ruolei and Zhang, Dandan and Luo, Yi and Wang, Hongyan and Broster, Lucas S.},
  date = {2018-02},
  journaltitle = {Cognitive, Affective, \& Behavioral Neuroscience},
  shortjournal = {Cogn Affect Behav Neurosci},
  volume = {18},
  pages = {99--116},
  issn = {1530-7026, 1531-135X},
  doi = {10.3758/s13415-017-0555-3},
  file = {/home/thomas/Zotero/storage/7F44DDSG/GuR et al_2018_Predicting_risk_decisions_in_a_modified_Balloon_Analogue_Risk_Task_Conventional_and_single-trial_ERP_analyses.pdf;/home/thomas/Zotero/storage/N323XW7G/GuR et al_2018_Predicting_risk_decisions_in_a_modified_Balloon_Analogue_Risk_Task_Conventional_and_single-trial_ERP_analyses.pdf},
  langid = {english},
  number = {1}
}

@article{Hau2008,
  ids = {Hau2008a},
  title = {The Description-Experience Gap in Risky Choice: The Role of Sample Size and Experienced Probabilities},
  shorttitle = {The Description-Experience Gap in Risky Choice},
  author = {Hau, Robin and Pleskac, Timothy J. and Kiefer, Jürgen and Hertwig, Ralph},
  date = {2008-12},
  journaltitle = {Journal of Behavioral Decision Making},
  shortjournal = {J. Behav. Decis. Making},
  volume = {21},
  pages = {493--518},
  issn = {08943257, 10990771},
  doi = {10.1002/bdm.598},
  file = {/home/thomas/Zotero/storage/C2DFEBWW/Hau et al. - 2008 - The description-experience gap in risky choice th.pdf;/home/thomas/Zotero/storage/WT8I35XS/HauR et al_2008_The_description-experience_gap_in_risky_choice_the_role_of_sample_size_and_experienced_probabilities.pdf},
  langid = {english},
  number = {5}
}

@book{Knight1921,
  title = {Risk, Uncertainty and Profit},
  author = {Knight, F. H.},
  date = {1921},
  publisher = {{Sentry Press}},
  location = {{New York, NY}}
}

@article{Lauriola2014,
  ids = {Lauriola2014a},
  title = {Individual {{differences}} in {{risky decision making}}: {{A meta}}-analysis of {{sensation seeking}} and {{impulsivity}} with the {{Balloon Analogue Risk Task}}: {{Personality}} and {{risky decision making}}},
  shorttitle = {Individual {{Differences}} in {{Risky Decision Making}}},
  author = {Lauriola, Marco and Panno, Angelo and Levin, Irwin P. and Lejuez, Carl W.},
  date = {2014-01},
  journaltitle = {Journal of Behavioral Decision Making},
  shortjournal = {J. Behav. Dec. Making},
  volume = {27},
  pages = {20--36},
  issn = {08943257},
  doi = {10.1002/bdm.1784},
  file = {/home/thomas/Zotero/storage/TDVVVW5D/LauriolaM et al_2014_Individual_Differences_in_Risky_Decision_Making_A_Meta-analysis_of_Sensation_Seeking_and_Impulsivity_with_the_Balloon_Analogue_Risk_Task_Personality_and_Risky_Decision_Making.pdf},
  langid = {english},
  number = {1}
}

@incollection{Lauriola2018,
  ids = {Lauriola2018a},
  title = {Personality and {{Risk}}: {{Beyond Daredevils}}— {{Risk Taking}} from a {{Temperament Perspective}}},
  shorttitle = {Personality and {{Risk}}},
  booktitle = {Psychological {{Perspectives}} on {{Risk}} and {{Risk Analysis}}},
  author = {Lauriola, Marco and Weller, Joshua},
  editor = {Raue, Martina and Lermer, Eva and Streicher, Bernhard},
  date = {2018},
  pages = {3--36},
  publisher = {{Springer International Publishing}},
  location = {{Cham}},
  doi = {10.1007/978-3-319-92478-6_1},
  isbn = {978-3-319-92476-2 978-3-319-92478-6},
  langid = {english}
}

@article{Lejuez2002,
  title = {Evaluation of a Behavioral Measure of Risk Taking: {{The Balloon Analogue Risk Task}} ({{BART}}).},
  shorttitle = {Evaluation of a Behavioral Measure of Risk Taking},
  author = {Lejuez, C. W. and Read, Jennifer P. and Kahler, Christopher W. and Richards, Jerry B. and Ramsey, Susan E. and Stuart, Gregory L. and Strong, David R. and Brown, Richard A.},
  date = {2002},
  journaltitle = {Journal of Experimental Psychology: Applied},
  shortjournal = {Journal of Experimental Psychology: Applied},
  volume = {8},
  pages = {75--84},
  issn = {1939-2192, 1076-898X},
  doi = {10.1037/1076-898x.8.2.75},
  file = {/home/thomas/Zotero/storage/ESBKBJHN/LejuezC et al_2002_Evaluation_of_a_behavioral_measure_of_risk_taking_The_Balloon_Analogue_Risk_Task_(BART)..pdf;/home/thomas/Zotero/storage/U4BPQF26/Lejuez et al. - 2002 - Evaluation of a behavioral measure of risk taking.pdf},
  langid = {english},
  number = {2}
}

@article{Maia2004,
  title = {A Reexamination of the Evidence for the Somatic Marker Hypothesis: {{What}} Participants Really Know in the {{Iowa}} Gambling Task},
  shorttitle = {A Reexamination of the Evidence for the Somatic Marker Hypothesis},
  author = {Maia, T. V. and McClelland, J. L.},
  date = {2004-11-09},
  journaltitle = {Proceedings of the National Academy of Sciences},
  shortjournal = {Proceedings of the National Academy of Sciences},
  volume = {101},
  pages = {16075--16080},
  issn = {0027-8424, 1091-6490},
  doi = {10.1073/pnas.0406666101},
  file = {/home/thomas/Zotero/storage/P85SHSDT/Maia and McClelland - 2004 - A reexamination of the evidence for the somatic ma.pdf;/home/thomas/Zotero/storage/VVG8SJRC/MaiaT_McClellandJ_2004_A_reexamination_of_the_evidence_for_the_somatic_marker_hypothesis_What_participants_really_know_in_the_Iowa_gambling_task.pdf},
  langid = {english},
  number = {45}
}

@article{Pleskac2008,
  title = {Development of an Automatic Response Mode to Improve the Clinical Utility of Sequential Risk-Taking Tasks.},
  author = {Pleskac, Timothy J. and Wallsten, Thomas S. and Wang, Paula and Lejuez, C. W.},
  date = {2008},
  journaltitle = {Experimental and Clinical Psychopharmacology},
  shortjournal = {Experimental and Clinical Psychopharmacology},
  volume = {16},
  pages = {555--564},
  issn = {1936-2293, 1064-1297},
  doi = {10.1037/a0014245},
  file = {/home/thomas/Zotero/storage/FNY8VB6N/Pleskac et al. - 2008 - Development of an automatic response mode to impro.pdf;/home/thomas/Zotero/storage/NVR5QLHJ/PleskacT et al_2008_Development_of_an_automatic_response_mode_to_improve_the_clinical_utility_of_sequential_risk-taking_tasks..pdf},
  langid = {english},
  number = {6}
}

@article{Powell1984,
  title = {Least Absolute Deviations Estimation for the Censored Regression Model},
  author = {Powell, James L},
  date = {1984-07},
  journaltitle = {Journal of Econometrics},
  shortjournal = {Journal of Econometrics},
  volume = {25},
  pages = {303--325},
  issn = {03044076},
  doi = {10.1016/0304-4076(84)90004-6},
  file = {/home/thomas/Zotero/storage/GDQRPZ3C/PowellJ_1984_Least_absolute_deviations_estimation_for_the_censored_regression_model.pdf},
  langid = {english},
  number = {3}
}

@article{Rakow2010,
  title = {Degrees of Uncertainty: {{An}} Overview and Framework for Future Research on Experience-Based Choice},
  shorttitle = {Degrees of Uncertainty},
  author = {Rakow, Tim and Newell, Ben R.},
  date = {2010-01},
  journaltitle = {Journal of Behavioral Decision Making},
  shortjournal = {J. Behav. Decis. Making},
  volume = {23},
  pages = {1--14},
  issn = {08943257, 10990771},
  doi = {10.1002/bdm.681},
  file = {/home/thomas/Zotero/storage/6XX8GFJR/RakowT_NewellB_2010_Degrees_of_uncertainty_An_overview_and_framework_for_future_research_on_experience-based_choice.pdf},
  langid = {english},
  number = {1}
}

@article{Rogers1999,
  title = {Choosing between {{small}}, {{likely rewards}} and {{large}}, {{unlikely rewards activates inferior}} and {{orbital prefrontal cortex}}},
  author = {Rogers, Robert D. and Owen, Adrian M. and Middleton, Hugh C. and Williams, Emma J. and Pickard, John D. and Sahakian, Barbara J. and Robbins, Trevor W.},
  date = {1999-10-15},
  journaltitle = {The Journal of Neuroscience},
  shortjournal = {J. Neurosci.},
  volume = {19},
  pages = {9029--9038},
  issn = {0270-6474, 1529-2401},
  doi = {10.1523/jneurosci.19-20-09029.1999},
  file = {/home/thomas/Zotero/storage/PPKH4FLZ/Rogers et al. - 1999 - Choosing between Small, Likely Rewards and Large, .pdf;/home/thomas/Zotero/storage/YIDA3BSI/RogersR et al_1999_Choosing_between_Small,_Likely_Rewards_and_Large,_Unlikely_Rewards_Activates_Inferior_and_Orbital_Prefrontal_Cortex.pdf},
  langid = {english},
  number = {20}
}

@book{Sattler2009,
  title = {Assessment with the {{WAIS}}-{{IV}}},
  author = {Sattler, J. M. and Ryan, J. J.},
  date = {2009},
  publisher = {{Jerome M. Sattler Publisher}}
}

@article{Schafer2002,
  title = {Missing Data: {{Our}} View of the State of the Art.},
  shorttitle = {Missing Data},
  author = {Schafer, Joseph L. and Graham, John W.},
  date = {2002},
  journaltitle = {Psychological Methods},
  shortjournal = {Psychological Methods},
  volume = {7},
  pages = {147--177},
  issn = {1939-1463, 1082-989X},
  doi = {10.1037/1082-989x.7.2.147},
  file = {/home/thomas/Zotero/storage/7LFN7R98/SchaferJ_GrahamJ_2002_Missing_data_Our_view_of_the_state_of_the_art..pdf;/home/thomas/Zotero/storage/GBRPDUXN/Schafer and Graham - 2002 - Missing data Our view of the state of the art..pdf},
  langid = {english},
  number = {2}
}

@article{Schmidt2013,
  title = {I'm Too Calm-{{Let}}'s Take a Risk! {{On}} the Impact of State and Trait Arousal on Risk Taking: {{I}}'m Too Calm-{{Let}}'s Take a Risk!},
  shorttitle = {I'm Too Calm-{{Let}}'s Take a Risk! {{On}} the Impact of State and Trait Arousal on Risk Taking},
  author = {Schmidt, Barbara and Mussel, Patrick and Hewig, Johannes},
  date = {2013-05},
  journaltitle = {Psychophysiology},
  shortjournal = {Psychophysiol},
  volume = {50},
  pages = {498--503},
  issn = {00485772},
  doi = {10.1111/psyp.12032},
  file = {/home/thomas/Zotero/storage/ZRNLQN3R/SchmidtB et al_2013_I'm_too_calm-Let's_take_a_risk!_On_the_impact_of_state_and_trait_arousal_on_risk_taking_I'm_too_calm-Let's_take_a_risk!.pdf},
  langid = {english},
  number = {5}
}

@article{Schmidt2019,
  title = {Wearing a Bike Helmet Leads to Less Cognitive Control, Revealed by Lower Frontal Midline Theta Power and Risk Indifference},
  author = {Schmidt, Barbara and Kessler, Luisa and Holroyd, Clay B. and Miltner, Wolfgang H. R.},
  date = {2019-12},
  journaltitle = {Psychophysiology},
  shortjournal = {Psychophysiology},
  volume = {56},
  issn = {0048-5772, 1469-8986},
  doi = {10.1111/psyp.13458},
  file = {/home/thomas/Zotero/storage/QBHLM4FD/Schmidt et al. - 2019 - Wearing a bike helmet leads to less cognitive cont.pdf;/home/thomas/Zotero/storage/WD4RH3V8/SchmidtB et al_2019_Wearing_a_bike_helmet_leads_to_less_cognitive_control,_revealed_by_lower_frontal_midline_theta_power_and_risk_indifference.pdf},
  langid = {english},
  number = {12}
}

@article{Schonberg2011,
  ids = {Schonberg2011a},
  title = {Mind the Gap: Bridging Economic and Naturalistic Risk-Taking with Cognitive Neuroscience},
  shorttitle = {Mind the Gap},
  author = {Schonberg, Tom and Fox, Craig R. and Poldrack, Russell A.},
  date = {2011-01},
  journaltitle = {Trends in Cognitive Sciences},
  shortjournal = {Trends in Cognitive Sciences},
  volume = {15},
  pages = {11--19},
  issn = {13646613},
  doi = {10.1016/j.tics.2010.10.002},
  file = {/home/thomas/Zotero/storage/FUG6QNYG/Schonberg et al. - 2011 - Mind the gap bridging economic and naturalistic r.pdf;/home/thomas/Zotero/storage/J62FVXCG/schonberg2011.pdf},
  langid = {english},
  number = {1}
}

@book{Shuttleworth2008,
  title = {Operationalization},
  author = {Shuttleworth, M.},
  date = {2008},
  url = {https://explorable.com/operationalization}
}

@article{Slovic1966,
  title = {Risk-{{taking}} in {{children}}: {{Age}} and {{sex differences}}},
  shorttitle = {Risk-{{Taking}} in {{Children}}},
  author = {Slovic, Paul},
  date = {1966-03},
  journaltitle = {Child Development},
  shortjournal = {Child Development},
  volume = {37},
  pages = {169},
  issn = {00093920},
  doi = {10.2307/1126437},
  eprint = {1126437},
  eprinttype = {jstor},
  file = {/home/thomas/Zotero/storage/FEQ8H8Z5/SlovicP_1966_Risk-Taking_in_Children_Age_and_Sex_Differences.pdf},
  number = {1}
}

@article{Song2009,
  title = {Extent of Publication Bias in Different Categories of Research Cohorts: A Meta-Analysis of Empirical Studies},
  shorttitle = {Extent of Publication Bias in Different Categories of Research Cohorts},
  author = {Song, Fujian and Parekh-Bhurke, Sheetal and Hooper, Lee and Loke, Yoon K and Ryder, Jon J and Sutton, Alex J and Hing, Caroline B and Harvey, Ian},
  date = {2009-12},
  journaltitle = {BMC Medical Research Methodology},
  shortjournal = {BMC Med Res Methodol},
  volume = {9},
  pages = {79},
  issn = {1471-2288},
  doi = {10.1186/1471-2288-9-79},
  file = {/home/thomas/Zotero/storage/F4QHWZH8/Song et al. - 2009 - Extent of publication bias in different categories.pdf;/home/thomas/Zotero/storage/UUINA2XU/SongF et al_2009_Extent_of_publication_bias_in_different_categories_of_research_cohorts_a_meta-analysis_of_empirical_studies.pdf},
  langid = {english},
  number = {1}
}

@article{Starcke2009,
  title = {Skin Conductance Responses during Decisions in Ambiguous and Risky Situations in Obsessive-Compulsive Disorder},
  author = {Starcke, Katrin and Tuschen-Caffier, Brunna and Markowitsch, Hans-Joachim and Brand, Matthias},
  date = {2009-05},
  journaltitle = {Cognitive Neuropsychiatry},
  shortjournal = {Cognitive Neuropsychiatry},
  volume = {14},
  pages = {199--216},
  issn = {1354-6805, 1464-0619},
  doi = {10.1080/13546800902996831},
  file = {/home/thomas/Zotero/storage/PRH66JMM/StarckeK et al_2009_Skin_conductance_responses_during_decisions_in_ambiguous_and_risky_situations_in_obsessive-compulsive_disorder.pdf},
  langid = {english},
  number = {3}
}

@article{Starcke2010,
  title = {Dissociation of Decisions in Ambiguous and Risky Situations in Obsessive–Compulsive Disorder},
  author = {Starcke, Katrin and Tuschen-Caffier, Brunna and Markowitsch, Hans Joachim and Brand, Matthias},
  date = {2010-01},
  journaltitle = {Psychiatry Research},
  shortjournal = {Psychiatry Research},
  volume = {175},
  pages = {114--120},
  issn = {01651781},
  doi = {10.1016/j.psychres.2008.10.022},
  file = {/home/thomas/Zotero/storage/3HG4PT8A/StarckeK et al_2010_Dissociation_of_decisions_in_ambiguous_and_risky_situations_in_obsessive–compulsive_disorder.pdf},
  langid = {english},
  number = {1-2}
}

@article{Tobin1958,
  title = {Estimation of {{relationships}} for {{limited dependent variables}}},
  author = {Tobin, James},
  date = {1958-01},
  journaltitle = {Econometrica},
  shortjournal = {Econometrica},
  volume = {26},
  pages = {24},
  issn = {00129682},
  doi = {10.2307/1907382},
  eprint = {1907382},
  eprinttype = {jstor},
  file = {/home/thomas/Zotero/storage/7FD5BVFB/tobin1958.pdf;/home/thomas/Zotero/storage/A2Y8ZKWM/Tobin - 1958 - Estimation of Relationships for Limited Dependent .pdf},
  number = {1}
}

@article{vanRavenzwaaij2011,
  title = {Cognitive Model Decomposition of the {{BART}}: {{Assessment}} and Application},
  shorttitle = {Cognitive Model Decomposition of the {{BART}}},
  author = {van Ravenzwaaij, Don and Dutilh, Gilles and Wagenmakers, Eric-Jan},
  date = {2011-02},
  journaltitle = {Journal of Mathematical Psychology},
  shortjournal = {Journal of Mathematical Psychology},
  volume = {55},
  pages = {94--105},
  issn = {00222496},
  doi = {10.1016/j.jmp.2010.08.010},
  file = {/home/thomas/Zotero/storage/F8X7GGTV/van RavenzwaaijD et al_2011_Cognitive_model_decomposition_of_the_BART_Assessment_and_application.pdf},
  langid = {english},
  number = {1},
  options = {useprefix=true}
}

@article{Volz2012,
  title = {Cognitive {{processes}} in {{decisions under risk}} are not the {{same}} as in {{decisions under uncertainty}}},
  author = {Volz, Kirsten G. and Gigerenzer, Gerd},
  date = {2012},
  journaltitle = {Frontiers in Neuroscience},
  shortjournal = {Front. Neurosci.},
  volume = {6},
  issn = {1662-4548},
  doi = {10.3389/fnins.2012.00105},
  file = {/home/thomas/Zotero/storage/4NT42FAJ/VolzK_GigerenzerG_2012_Cognitive_Processes_in_Decisions_Under_Risk_are_not_the_Same_as_in_Decisions_Under_Uncertainty.pdf;/home/thomas/Zotero/storage/6JZ3GQP2/Volz and Gigerenzer - 2012 - Cognitive Processes in Decisions Under Risk are no.pdf}
}

@article{Wallsten2005,
  title = {Modeling {{behavior}} in a {{clinically diagnostic sequential risk}}-{{taking task}}.},
  author = {Wallsten, Thomas S. and Pleskac, Timothy J. and Lejuez, C. W.},
  date = {2005},
  journaltitle = {Psychological Review},
  shortjournal = {Psychological Review},
  volume = {112},
  pages = {862--880},
  issn = {1939-1471, 0033-295X},
  doi = {10.1037/0033-295x.112.4.862},
  file = {/home/thomas/Zotero/storage/4XQHMXFL/WallstenT et al_2005_Modeling_Behavior_in_a_Clinically_Diagnostic_Sequential_Risk-Taking_Task..pdf;/home/thomas/Zotero/storage/KYVQY996/Wallsten et al. - 2005 - Modeling Behavior in a Clinically Diagnostic Seque.pdf},
  langid = {english},
  number = {4}
}

@article{Weller2019,
  title = {Information Use in Risky Decision Making: {{Do}} Age Differences Depend on Affective Context?},
  shorttitle = {Information Use in Risky Decision Making},
  author = {Weller, Joshua A. and King, Marcie L. and Figner, Bernd and Denburg, Natalie L.},
  date = {2019-11},
  journaltitle = {Psychology and Aging},
  shortjournal = {Psychology and Aging},
  volume = {34},
  pages = {1005--1020},
  issn = {1939-1498, 0882-7974},
  doi = {10.1037/pag0000397},
  file = {/home/thomas/Zotero/storage/FSJXZ85S/WellerJ et al_2019_Information_use_in_risky_decision_making_Do_age_differences_depend_on_affective_context.pdf},
  langid = {english},
  number = {7}
}

@article{Young2019,
  title = {Variations on the Balloon Analogue Risk Task: {{A}} Censored Regression Analysis},
  shorttitle = {Variations on the Balloon Analogue Risk Task},
  author = {Young, Michael E. and McCoy, Anthony W.},
  date = {2019-12},
  journaltitle = {Behavior Research Methods},
  shortjournal = {Behav Res},
  volume = {51},
  pages = {2509--2521},
  issn = {1554-3528},
  doi = {10.3758/s13428-018-1094-8},
  file = {/home/thomas/Zotero/storage/Q37MF7G3/young2018.pdf;/home/thomas/Zotero/storage/R46NL4TA/Young and McCoy - 2019 - Variations on the balloon analogue risk task A ce.pdf},
  langid = {english},
  number = {6}
}


