%% LaTeX2e file `bibliography.bib'
%% generated by the `filecontents' environment
%% from source `Bennett' on 2023/07/18.
%%
 @article{Aczel2021,
    title       = {A billion-dollar donation: {E}stimating the cost of researchers' time spent on peer review},
    author      = {Aczel, B. and B., Szaszi and B. and Holcombe, A. O.},
    number      = {1},
    volume      = {6},
    url         = {https://doi.org/10.1186/s41073-021-00118-2},
    doi         = {10.1186/s41073-021-00118-2},
    date        = {2021},
    pages       = {14},
    journal     = {Research Integrity and Peer Review}
}


@article{Contributors2022,
    author      = {Contributors, All},
    url         = {https://web.archive.org/web/20220927025500/https://github.com/all-contributors/all-contributors},
    date        = {2022}
}


@article{ARMA2020,
    title       = {The {ARMA} Survey on Research Culture},
    author      = {{ARMA}},
    url         = {https://arma.ac.uk/wp-content/uploads/2021/03/ARMA-Research-Culture-Survey-2020.pdf},
    date        = {2020}
}


@article{Baum2022,
    title       = {The first author takes it all? Solutions for crediting authors more visibly, transparently, and free of bias},
    author      = {Baum, M. A. and Braun, M. N. and Hart, A. and Huffer, V. I. and Meßmer, J. A. and Weigl, M. and Wennerhold, L.},
    volume      = {bjso.12569},
    url         = {https://doi.org/10.1111/bjso.12569},
    doi         = {10.1111/bjso.12569},
    date        = {2022},
    journal     = {British Journal of Social Psychology}
}


@article{Beatson2021,
    title       = {The gradual retreat from academic citizenship},
    author      = {Beatson, N. J. and Tharapos, M. and O'Connell, B. T. and Lange, P. and Carr, S. and Copeland, S.},
    number      = {4},
    volume      = {76},
    url         = {https://doi.org/10.1111/hequ.12341},
    doi         = {10.1111/hequ.12341},
    date        = {2021},
    pages       = {715--725},
    journal     = {Higher Education Quarterly}
}


@article{Bezuidenhout2018,
    title       = {Hidden concerns of sharing research data by low/middle-income country scientists},
    author      = {Bezuidenhout, L. M. and Chakauya, E.},
    number      = {1},
    volume      = {29},
    url         = {https://doi.org/10.1080/11287462.2018.1441780},
    doi         = {10.1080/11287462.2018.1441780},
    date        = {2018},
    pages       = {39--54},
    journal     = {Global Bioethics}
}


@article{Bezuidenhout2017,
    title       = {Beyond the digital divide: {T}owards a situated approach to open data},
    author      = {Bezuidenhout, L. M. and Leonelli, S. and Kelly, A. H. and Rappert, B.},
    number      = {4},
    volume      = {44},
    url         = {https://doi.org/10.1093/scipol/scw036},
    doi         = {10.1093/scipol/scw036},
    date        = {2017},
    pages       = {464--475},
    journal     = {Science and Public Policy}
}


@book{undefined2018,
    title       = {Professional and support staff in higher education},
    editor      = {Bossu, C. and Brown, N.},
    url         = {https://doi.org/10.1007/978-981-10-1607-3},
    doi         = {10.1007/978-981-10-1607-3},
    publisher   = {Springer Singapore},
    date        = {2018}
}


@article{Brand2015,
    title       = {Beyond authorship: {A}ttribution, contribution, collaboration, and credit},
    author      = {Brand, A. and Allen, L. and Altman, M. and Hlava, M. and Scott, J.},
    number      = {2},
    volume      = {28},
    url         = {https://doi.org/10.1087/20150211},
    doi         = {10.1087/20150211},
    date        = {2015},
    pages       = {151--155},
    journal     = {Learned Publishing}
}


@article{Castelvecchi2015,
    title       = {Physics paper sets record with more than 5,000 authors},
    author      = {Castelvecchi, D.},
    url         = {https://doi.org/10.1038/nature.2015.17567},
    doi         = {10.1038/nature.2015.17567},
    date        = {2015},
    journal     = {Nature}
}


@article{COARA2022,
    title       = {The agreement on reforming research assessment},
    author      = {{COARA}},
    url         = {https://web.archive.org/web/20220930124600/https://coara.eu/agreement/the-agreement-full-text/},
    date        = {2022}
}


@article{Coles2023,
    title       = {Big team' science challenges us to reconsider authorship},
    author      = {Coles, N. A. and DeBruine, L. M. and Azevedo, F. and Baumgartner, H. A. and Frank, M. C.},
    number      = {5},
    volume      = {7},
    url         = {https://doi.org/10.1038/s41562-023-01572-2},
    doi         = {10.1038/s41562-023-01572-2},
    date        = {2023},
    pages       = {665--667},
    journal     = {Nature Human Behaviour}
}


@article{Coles2022,
    title       = {Build up big-team science},
    author      = {Coles, N. A. and Hamlin, J. K. and Sullivan, L. L. and Parker, T. H. and Altschul, D.},
    number      = {7894},
    volume      = {601},
    url         = {https://doi.org/10.1038/d41586-022-00150-2},
    doi         = {10.1038/d41586-022-00150-2},
    date        = {2022},
    pages       = {505--507},
    journal     = {Nature}
}


@article{Group2016,
    title       = {Concordat on open research data},
    author      = {Group, Concordat Working},
    url         = {https://www.ukri.org/wp-content/uploads/2020/10/UKRI-020920-ConcordatonOpenResearchData.pdf},
    date        = {2016},
    journal     = {UK Research and Innovation}
}


@article{CSCCE2022,
    title       = {About the Center},
    author      = {{CSCCE}},
    url         = {https://web.archive.org/web/20220427165526/https://www.cscce.org/about/},
    date        = {2022},
    journal     = {CSCCE}
}


@inbook{CSCCE2022,
    title       = {{CSCCE} Community Manager Certification Program},
    author      = {{CSCCE}},
    url         = {https://web.archive.org/web/20220729002352/https://www.cscce.org/trainings/cscce-community-manager-certification-program/},
    date        = {2022},
    booktitle     = {CSCCE}
}


@article{DORA2012,
    title       = {San Francisco Declaration on Research Assessment},
    author      = {{DORA}},
    url         = {https://web.archive.org/web/20220903151339/https://sfdora.org/read/},
    date        = {2012},
    journal     = {DORA}
}


@article{Elkins-Tanton2021,
    title       = {Time to say goodbye to our heroes?},
    author      = {Elkins-Tanton, L.},
    number      = {4},
    volume      = {37},
    date        = {2021},
    pages       = {34--40},
    journal     = {Issues in Science and Technology}
}


@book{Finkin2011,
    title       = {For the common good: {P}rinciples of American academic freedom},
    author      = {Finkin, M. W. and Post, R. C.},
    publisher   = {Yale University Press},
    date        = {2011}
}


@article{Forscher2020,
    title       = {The benefits, barriers, and risks of big team science},
    author      = {Forscher, P. S. and Wagenmakers, E.-J. and Coles, N. A. and Silan, M. A. A. and Dutra, N. B. and Basnight-Brown, D. and IJzerman, H.},
    url         = {https://doi.org/10.31234/osf.io/2mdxh},
    doi         = {10.31234/osf.io/2mdxh},
    date        = {2020},
    journal     = {PsyArXiv}
}


@article{Gallant2022,
    title       = {A team of 26 authors and there appears to be 0 gender diversity},
    author      = {Gallant, L.},
    url         = {https://web.archive.org/web/20200916222153/https://twitter.com/lisgallant/status/1306357619712577537},
    date        = {2022-09-16}
}


@article{Gewin2022,
    title       = {Has the ‘great resignation' hit academia?},
    author      = {Gewin, V.},
    number      = {7912},
    volume      = {606},
    url         = {https://doi.org/10.1038/d41586-022-01512-6},
    doi         = {10.1038/d41586-022-01512-6},
    date        = {2022},
    pages       = {211--213},
    journal     = {Nature}
}


@inbook{Goodhart1984,
    title       = {Problems of monetary management: {T}he {UK} experience},
    author      = {Goodhart, C. A. E.},
    editor      = {Goodhart, C.A.E.},
    url         = {https://doi.org/10.1007/978-1-349-17295-5\_4},
    doi         = {10.1007/978-1-349-17295-5\_4},
    publisher   = {Macmillan Education UK},
    date        = {1984},
    pages       = {91--121},
    booktitle     = {Monetary theory and practice: The UK experience}
}


@inproceedings{GouldvanPraag2022,
    author      = {Gould van Praag, C.},
    url         = {https://doi.org/10.5281/ZENODO.6651963},
    doi         = {10.5281/ZENODO.6651963},
    place       = {Glasgow, U.K},
    date        = {2022-06},
    booktitle     = {Off the beaten PI track [Conference presentation]. Organisation for Human Brain Mapping 2022 annual conference}
}


@article{Harloe2005,
    title       = {Repenser l'université sans la vider de son sens: {E}ngagements externes et transformations internes de l'université dans l'économie du savoir},
    author      = {Harloe, M. and Perry, B.},
    number      = {2},
    volume      = {17},
    date        = {2005},
    pages       = {31--45},
    journal     = {Politiques et Gestion de l'enseignement upérieur}
}


@article{Harris2020,
    title       = {Array programming with NumPy},
    author      = {Harris, C. R. and Millman, K. J. and van der Walt, S. J. and Gommers, R. and Virtanen, P. and Cournapeau, D. and Wieser, E. and Taylor, J. and Berg, S. and Smith, N. J. and Kern, R. and Picus, M. and Hoyer, S. and van Kerkwijk, M. H. and Brett, M. and Haldane, A. and del Río, J. F. and Wiebe, M. and Peterson, P. and Oliphant, T. E.},
    number      = {7825},
    volume      = {585},
    url         = {https://doi.org/10.1038/s41586-020-2649-2},
    doi         = {10.1038/s41586-020-2649-2},
    date        = {2020},
    journal     = {Nature}
}


@article{Heesen2021,
    title       = {Is peer review a good dea?},
    author      = {Heesen, R. and Bright, L. K.},
    number      = {3},
    volume      = {72},
    url         = {https://doi.org/10.1093/bjps/axz029},
    doi         = {10.1093/bjps/axz029},
    date        = {2021},
    pages       = {635--663},
    journal     = {The British Journal for the Philosophy of Science}
}


@article{Heffner1979,
    title       = {Authorship recognition of subordinates in collaborative research},
    author      = {Heffner, A. G.},
    number      = {3},
    volume      = {9},
    url         = {https://doi.org/10.1177/030631277900900305},
    doi         = {10.1177/030631277900900305},
    date        = {1979},
    pages       = {377--384},
    journal     = {Social Studies of Science}
}


@book{Hettrick2016,
    title       = {A not-so-brief history of Research Software Engineers},
    author      = {Hettrick, S.},
    url         = {https://web.archive.org/web/20220407191258/https://www.software.ac.uk/blog/2016-08-17-not-so-brief-history-research-software-engineers-0},
    publisher   = {Software Sustainability Institute},
    date        = {2016-08-17}
}


@article{Holcombe2020,
    title       = {Documenting contributions to scholarly articles using {CR}ediT and tenzing},
    author      = {Holcombe, A. O. and Kovacs, M. and Aust, F. and Aczel, B.},
    number      = {12},
    volume      = {15},
    url         = {https://doi.org/10.1371/journal.pone.0244611},
    doi         = {10.1371/journal.pone.0244611},
    date        = {2020},
    pages       = {0244611},
    journal     = {PLOS ONE}
}


@article{Holdgraf2022,
    author      = {Holdgraf, C. and Solvik, Kylen and Ogasawara, I. and Brett, M. and Sundell, E. and Gaow, Zehua Chen and Joseph, M. and Lau, S. and Rokem, A. and Willing, C. and Nicholson, D. and Mason, J. and Wasser, L. and Bantilan, N. and Moss, S. and Kashyap, S.},
    url         = {https://doi.org/10.5281/ZENODO.7101778},
    doi         = {10.5281/ZENODO.7101778},
    date        = {2022}
}


@article{Huber2022,
    title       = {Nobel and novice: {A}uthor prominence affects peer review},
    author      = {Huber, J. and Inoua, M. and S., Kerschbamer and R., König-Kersting and C., Palan and S. and Smith, V. L.},
    url         = {https://doi.org/10.2139/ssrn.4190976},
    doi         = {10.2139/ssrn.4190976},
    date        = {2022},
    journal     = {SSRN Electronic Journal}
}


@inbook{Huebner2020,
    title       = {Collective responsibility and fraud in scientific communities},
    author      = {Huebner, B. and Bright, L. K.},
    editor      = {Bazargan-Forward, S. and Tollefsen, D.},
    url         = {https://doi.org/10.4324/9781315107608},
    doi         = {10.4324/9781315107608},
    date        = {2020},
    booktitle     = {The Routledge handbook of collective responsibility}
}


@book{Huebner2017,
    title       = {Making an author in radically collaborative research},
    author      = {Huebner, B. and Kukla, R. and Winsberg, E.},
    volume      = {1},
    url         = {https://doi.org/10.1093/oso/9780190680534.003.0005},
    doi         = {10.1093/oso/9780190680534.003.0005},
    publisher   = {Oxford University Press},
    date        = {2017}
}


@article{ofResearchBureaucracy2022,
    title       = {Independent Review of Research Bureaucracy—Final Report},
    author      = {of Research Bureaucracy, Independent Review},
    publisher   = {Department for Business, Energy \& Industrial Strategy},
    date        = {2022},
    journal     = {UK Government -}
}


@article{INORMS2022,
    title       = {The {SCOPE} Framework, A five-stage process for evaluating research responsibly},
    author      = {{INORMS}},
    number      = {10)},
    url         = {https://web.archive.org/web/20220801134009/https://inorms.net/scope-framework-for-research-evaluation/},
    date        = {2022}
}


@inbook{Jetten2021,
    title       = {Professionalising data stewardship in the Netherlands},
    author      = {Jetten, M. and Grootveld, M. and Mordant, A. and Jansen, M. and Bloemers, M. and Miedema, M. and Gelder, C. W. G. V.},
    url         = {https://www.openscience.nl/wp-content/uploads/2022/08/Report\_NPOS\_F\_Data\_Stewardship\_V1.1\_20210319.pdf},
    date        = {2021},
    booktitle     = {Competences, training and education. Dutch roadmap towards national implementation of FAIR data stewardship.Nationaal Programma Open Science}
}


@article{Jobin2019,
    title       = {The global landscape of {AI} ethics guidelines},
    author      = {Jobin, A. and Ienca, M. and Vayena, E.},
    number      = {9},
    volume      = {1},
    url         = {https://doi.org/10.1038/s42256-019-0088-2},
    doi         = {10.1038/s42256-019-0088-2},
    date        = {2019},
    pages       = {389--399},
    journal     = {Nature Machine Intelligence}
}


@article{undefined2022,
    title       = {Journal of Open Source Software},
    url         = {https://web.archive.org/web/20220511204643/https://joss.readthedocs.io/en/latest/review\_criteria.html},
    date        = {2022}
}


@article{Limas2022,
    title       = {The impact of research culture on mental health \& diversity in {STEM}},
    author      = {Limas, J. C. and Corcoran, L. C. and Baker, A. N. and Cartaya, A. E. and Ayres, Z. J.},
    number      = {9},
    volume      = {28},
    url         = {https://doi.org/10.1002/chem.202102957},
    doi         = {10.1002/chem.202102957},
    date        = {2022},
    journal     = {Chemistry -- A European Journal}
}


@article{Macfarlane2011,
    title       = {The morphing of academic practice: {U}nbundling and the rise of the para-academic},
    author      = {Macfarlane, B.},
    number      = {1},
    volume      = {65},
    url         = {https://doi.org/10.1111/j.1468-2273.2010.00467.x},
    doi         = {10.1111/j.1468-2273.2010.00467.x},
    date        = {2011},
    pages       = {59--73},
    journal     = {Higher Education Quarterly}
}


@article{McInturff2022,
    title       = {It takes a laboratory to avoid data loss},
    author      = {McInturff, S. and Adenis, V.},
    url         = {https://doi.org/10.1038/d41586-022-02967-3},
    doi         = {10.1038/d41586-022-02967-3},
    date        = {2022},
    pages       = {41586--022--02967--3},
    journal     = {Nature}
}


@article{NCRIS2022,
    title       = {Towards better recognition for Research Infrastructure Specialists. The Australian National Fabrication Facility},
    author      = {{NCRIS}},
    url         = {https://web.archive.org/web/20230425094426/https://anff.org.au/news/towards-better-recognition-for-research-infrastructure-specialists/},
    date        = {2022}
}


@article{Onie2020,
    title       = {Redesign open science for Asia, Africa and Latin America},
    author      = {Onie, S.},
    number      = {7832},
    volume      = {587},
    url         = {https://doi.org/10.1038/d41586-020-03052-3},
    doi         = {10.1038/d41586-020-03052-3},
    date        = {2020},
    pages       = {35--37},
    journal     = {Nature}
}


@article{undefined2022,
    title       = {Office of Science and Technology Policy},
    url         = {https://www.whitehouse.gov/wp-content/uploads/2022/08/08-2022-OSTP-Public-Access-Memo.pdf},
    date        = {2022}
}


@article{Penders2022,
    title       = {Process and bureaucracy: scientific reform as civilisation},
    author      = {Penders, B.},
    number      = {4},
    volume      = {42},
    url         = {https://doi.org/10.1177/02704676221126388},
    doi         = {10.1177/02704676221126388},
    date        = {2022},
    pages       = {107--116},
    journal     = {Bulletin of Science, Technology \& Society}
}


@article{Rennie1997,
    title       = {When authorship fails. A proposal to make contributors accountable},
    author      = {Rennie, D. and Yank, V. and Emanuel, L.},
    number      = {7},
    volume      = {278},
    url         = {https://doi.org/10.1001/jama.278.7.579},
    doi         = {10.1001/jama.278.7.579},
    date        = {1997},
    pages       = {579--585},
    journal     = {JAMA: The Journal of the American Medical Association}
}


@article{rOpenSci2022,
    title       = {Software Peer Review},
    author      = {{rOpenSci}},
    url         = {https://web.archive.org/web/20220704125950/https://ropensci.org/software-review/},
    date        = {2022},
    journal     = {ROpenSci}
}


@article{Ross-Hellauer2017,
    title       = {What is open peer review? A systematic review},
    author      = {Ross-Hellauer, T.},
    volume      = {6},
    url         = {https://doi.org/10.12688/f1000research.11369.2},
    doi         = {10.12688/f1000research.11369.2},
    date        = {2017},
    pages       = {588},
    journal     = {F1000Research}
}


@article{Sever2017,
    title       = {Career options for scientists},
    author      = {Sever, R. and Janssen, K.},
    number      = {9},
    volume      = {9},
    url         = {https://doi.org/10.1101/cshperspect.a032755},
    doi         = {10.1101/cshperspect.a032755},
    date        = {2017},
    pages       = {032755},
    journal     = {Cold Spring Harbor Perspectives in Biology}
}


@article{Shirazi2014,
    title       = {Reproducing the academy: {L}ibrarians and the question of service in the digital humanities},
    author      = {Shirazi, R.},
    url         = {https://web.archive.org/web/20220617010749/https://roxanneshirazi.com/2014/07/15/reproducing-the-academy-librarians-and-the-question-of-service-in-the-digital-humanities/},
    date        = {2014-07-15}
}


@book{Sims2021,
    title       = {Research Software Engineer as an emergent professional identity: {A} sociological perspective [Presentation},
    author      = {Sims, B. H.},
    url         = {https://www.osti.gov/servlets/purl/1784685},
    publisher   = {US-RSE Virtual Workshop},
    place       = {New Mexico, USA},
    date        = {2021-05-27}
}


@inbook{Commitment2020,
    title       = {Technicians make it happen},
    author      = {Commitment, Technician},
    url         = {https://web.archive.org/web/20200809162757/https://www.technicians.org.uk/technician-commitment},
    date        = {2020},
    booktitle     = {Technicians Make It Happen}
}


@article{Teperek2022,
    title       = {Time to re-think the divide between academic and support staff},
    author      = {Teperek, M. and Cruz, M. and Kingsley, D.},
    url         = {https://doi.org/10.1038/d41586-022-01081-8},
    doi         = {10.1038/d41586-022-01081-8},
    date        = {2022},
    pages       = {41586--022--01081--01088},
    journal     = {Nature}
}


@article{undefined2022,
    title       = {The Turing Way Community},
    url         = {https://web.archive.org/web/20220604150908/https://the-turing-way.netlify.app/afterword/contributors-record.html},
    date        = {2022}
}


@article{undefined2022,
    title       = {The Turing Way Community},
    url         = {https://web.archive.org/web/20220712021649/https://the-turing-way.netlify.app/collaboration/research-infrastructure-roles/ram.html},
    date        = {2022}
}


@article{Tiokhin2021,
    title       = {Shifting the level of selection in science},
    author      = {Tiokhin, L. and Panchanathan, K. and Smaldino, P. E. and Lakens, D.},
    url         = {https://doi.org/10.31222/osf.io/juwck},
    doi         = {10.31222/osf.io/juwck},
    date        = {2021},
    journal     = {MetaArXiv}
}


@report{Science2023,
    author      = {Science, U. K. and Innovation and Committee, Technology},
    url         = {https://committees.parliament.uk/publications/39343/documents/194466/default/},
    date        = {2023},
    booktitle     = {Reproducibility and research integrity report (Sixth report of the session 2022-2023)}
}


@article{UKRI2023,
    title       = {101 jobs that change the world},
    author      = {{UKRI}},
    url         = {https://www.ukri.org/news-and-events/101-jobs-that-change-the-world/},
    date        = {2023}
}


@article{England2022,
    title       = {Research culture: {A} technician lens},
    author      = {England, U. K. R. I.-Research},
    url         = {https://www.mitalent.ac.uk/Research-Culture},
    date        = {2022}
}


@article{UNESCO2021,
    title       = {{UNESCO} recommendation on open science},
    author      = {{UNESCO}},
    url         = {https://web.archive.org/web/20220820070614/https://unesdoc.unesco.org/ark:/48223/pf0000379949.locale=en},
    date        = {2021},
    journal     = {United Nations Educational, Scientific and Cultural Organization}
}


@book{ofStAndrews2015,
    title       = {Job families and generic role descriptors - guidance notes},
    author      = {of St Andrews, University},
    url         = {https://web.archive.org/web/20151007123310/https://www.st-andrews.ac.uk/hr/gradingrewardandconditions/jobfamiliesgenericroledescriptors/jobfamiliesguidancenotes/},
    publisher   = {University of St Andrews - Human Resources},
    date        = {2015}
}


@book{ofSussex2019,
    title       = {Academic role profiles},
    author      = {of Sussex, University},
    url         = {https://web.archive.org/web/20191222011201/https://www.sussex.ac.uk/humanresources/business-services/jobevaluation/academicroleprofiles},
    publisher   = {University of Sussex},
    date        = {2019}
}


@article{Virágh2019,
    title       = {Research management and administration: {A} profession still to be formalized},
    author      = {Virágh, E. and Zsár, V. and Balázs, Z.},
    url         = {https://hetfa.eu/wp-content/uploads/2019/04/Research-managers\_final\_0408.pdf},
    date        = {2019},
    journal     = {HÉTFA Research Institute and Center for Economic and Social Analysis}
}


@article{Vitae2014,
    title       = {Vitae researcher development framework},
    author      = {{Vitae}},
    url         = {https://web.archive.org/web/20220901044422/https://www.vitae.ac.uk/researchers-professional-development/about-the-vitae-researcher-development-framework},
    date        = {2014}
}


@article{WeberMendonça2020,
    title       = {Hi, just note that the authorship in this paper reflects contributions of the past 20 years},
    author      = {Weber Mendonça, M.},
    url         = {https://web.archive.org/web/20200916224502/https://twitter.com/melissawm/status/1306363367825776640},
    date        = {2020-09-16}
}


@article{Trust2020,
    title       = {What researchers think about the culture they work in},
    author      = {Trust, Wellcome},
    url         = {https://wellcome.org/reports/what-researchers-think-about-research-culture},
    date        = {2020},
    journal     = {Wellcome Trust}
}


@article{Whitchurch2008,
    title       = {Shifting identities and blurring boundaries: {T}he emergence of third space professionals in {UK} higher education},
    author      = {Whitchurch, C.},
    number      = {4},
    volume      = {62},
    url         = {https://doi.org/10.1111/j.1468-2273.2008.00387.x},
    doi         = {10.1111/j.1468-2273.2008.00387.x},
    date        = {2008},
    pages       = {377--396},
    journal     = {Higher Education Quarterly}
}


@article{Wolf2021,
    title       = {Managers and academics in a centralising sector: {T}he new staffing patterns of {UK} higher education. Nuffield Foundation},
    author      = {Wolf, A. and Jenkins, A.},
    url         = {https://www.kcl.ac.uk/policy-institute/assets/managers-and-academics-in-a-centralising-sector.pdf},
    date        = {2021}
}


@article{Zollman2018,
    title       = {The credit economy and the economic rationality of science},
    author      = {Zollman, K. J. S.},
    number      = {1},
    volume      = {115},
    url         = {https://doi.org/10.5840/jphil201811511},
    doi         = {10.5840/jphil201811511},
    date        = {2018},
    pages       = {5--33},
    journal     = {The Journal of Philosophy}
}
