%% LaTeX2e file `bibliography.bib'
%% generated by the `filecontents' environment
%% from source `main' on 2024/10/14.
%%
 @article{Agley2021,
    title       = {Misinformation about {COVID}-19: {E}vidence for differential latent profiles and a strong association with trust in science},
    author      = {Agley, A. D. D. I. N. E. N. R. E. F. L. I. S. T. and J. and Xiao, Y.},
    volume      = {21, Article 89},
    url         = {https://doi.org/10.1186/s12889-020-10103-x},
    doi         = {10.1186/s12889-020-10103-x},
    date        = {2021},
    journal     = {BMC Public Health}
}


@article{Berli2021,
    title       = {Understanding between-person interventions with time-intensive longitudinal outcome data: {L}ongitudinal mediation analyses},
    author      = {Berli, C. and Inauen, J. and Stadler, G. and Scholz, U. and Shrout, P. E.},
    number      = {5},
    volume      = {55},
    url         = {http://doi.org/10.1093/abm/kaaa066},
    doi         = {10.1093/abm/kaaa066},
    date        = {2021},
    pages       = {476--488},
    journal     = {Annals of Behavioral Medicine}
}


@article{Bethlehem2010,
    title       = {Selection bias in web surveys},
    author      = {Bethlehem, J.},
    number      = {2},
    volume      = {78},
    url         = {https://doi.org/10.1111/j.1751-5823.2010.00112.x},
    doi         = {10.1111/j.1751-5823.2010.00112.x},
    date        = {2010},
    pages       = {161--188},
    journal     = {International Statistical Review}
}


@article{Biele2019,
    title       = {Bias from self selection and loss to follow-up in prospective cohort studies},
    author      = {Biele, G. and Gustavson, K. and Czajkowski, N. O. and Nilsen, R. M. and Reichborn-Kjennerud, T. and Magnus, P. M. and Stoltenberg, C. and Aase, H.},
    number      = {10},
    volume      = {34},
    url         = {http://doi.org/10.1007/s10654-019-00550-1},
    doi         = {10.1007/s10654-019-00550-1},
    date        = {2019},
    pages       = {927--938},
    journal     = {European Journal of Epidemiology}
}


@article{Bierer2021,
    title       = {Fair payment and just benefits to enhance diversity in clinical research},
    author      = {Bierer, B. E. and White, S. A. and Gelinas, L. and Strauss, D. H.},
    number      = {1},
    volume      = {5},
    url         = {http://doi.org/10.1017/cts.2021.816},
    doi         = {10.1017/cts.2021.816},
    date        = {2021},
    journal     = {Journal of Clinical and Translational Science}
}


@inbook{Bolger2013,
    title       = {Statistical power for intensive longitudinal designs},
    author      = {Bolger, N. and Laurenceau, J.-P.},
    publisher   = {The Guilford Press},
    date        = {2013},
    booktitle     = {Intensive longitudinal methods: An introduction to diary and experience sampling research}
}


@article{Burke2011,
    title       = {The effect of electronic self-monitoring on weight loss and dietary intake: {A} randomized behavioral weight loss trial},
    author      = {Burke, L. E. and Conroy, M. B. and Sereika, S. M. and Elci, O. U. and Styn, M. A. and Acharya, S. D. and Sevick, M. A. and Ewing, L. J. and Glanz, K.},
    number      = {2},
    volume      = {19},
    url         = {http://doi.org/10.1038/oby.2010.208},
    doi         = {10.1038/oby.2010.208},
    date        = {2011},
    pages       = {338--344},
    journal     = {Obesity}
}


@article{Cheung2017,
    title       = {The impact of non-response bias due to sampling in public health studies: {A} comparison of voluntary versus mandatory recruitment in a Dutch national survey on adolescent health},
    author      = {Cheung, K. L. and Peter, M. and Smit, C. and de Vries, H. and Pieterse, M. E.},
    number      = {1},
    volume      = {17},
    url         = {http://doi.org/10.1186/s12889-017-4189-8},
    doi         = {10.1186/s12889-017-4189-8},
    date        = {2017},
    pages       = {276},
    journal     = {BMC Public Health}
}


@book{Costa1992,
    title       = {Revised {NEO} personality inventory ({NEO}-{PI}-R) and {NEO} five-factor ({NEO}-{FFI}) inventory professional manual},
    author      = {Costa, P. T. and McCrae, R. R.},
    publisher   = {PAR},
    place       = {Odessa, Fl},
    date        = {1992}
}


@article{Courvoisier2010,
    title       = {Psychometric properties of a computerized mobile phone method for assessing mood in daily life},
    author      = {Courvoisier, D. S. and Eid, M. and Lischetzke, T. and Schreiber, W. H.},
    number      = {1},
    volume      = {10},
    url         = {http://doi.org/10.1037/a0017813},
    doi         = {10.1037/a0017813},
    date        = {2010},
    pages       = {115--124},
    journal     = {Emotion}
}


@article{Devine2021,
    title       = {Trust and the coronavirus pandemic: {W}hat are the consequences of and for trust? An early review of the literature},
    author      = {Devine, D. and Gaskell, J. and Jennings, W. and Stoker, G.},
    number      = {2},
    volume      = {19},
    url         = {https://doi.org/10.1177/1478929920948684},
    doi         = {10.1177/1478929920948684},
    date        = {2021},
    pages       = {274--285},
    journal     = {Political Studies Review}
}


@article{Dickert2002,
    title       = {Paying research subjects: an analysis of current policies},
    author      = {Dickert, N. and Emanuel, E. and Grady, C.},
    number      = {5},
    volume      = {136},
    url         = {http://doi.org/10.7326/0003-4819-136-5-200203050-00009},
    doi         = {10.7326/0003-4819-136-5-200203050-00009},
    date        = {2002},
    pages       = {368--373},
    journal     = {Annals of Internal Medicine}
}


@article{Edwards2009,
    title       = {Methods to increase response to postal and electronic questionnaires},
    author      = {Edwards, P. J. and Roberts, I. and Clarke, M. J. and DiGuiseppi, C. and Wentz, R. and Kwan, I. and Cooper, R. and Felix, L. M. and Pratap, S.},
    url         = {http://doi.org/10.1002/14651858.MR000008.pub4},
    doi         = {10.1002/14651858.MR000008.pub4},
    date        = {2009},
    journal     = {Cochrane Database of Systematic Reviews}
}


@article{Eisele2021,
    title       = {Affective structure, measurement invariance, and reliability across different experience sampling protocols},
    author      = {Eisele, G. and Lafit, G. and Vachon, H. and Kuppens, P. and Houben, M. and Myin-Germeys, I. and Viechtbauer, W.},
    volume      = {92, Article 104094},
    url         = {https://doi.org/10.1016/j.jrp.2021.104094},
    doi         = {10.1016/j.jrp.2021.104094},
    date        = {2021},
    journal     = {Journal of Research in Personality}
}


@article{Eisele2022,
    title       = {The effects of sampling frequency and questionnaire length on perceived burden, compliance, and careless responding in experience sampling data in a student population},
    author      = {Eisele, G. and Vachon, H. and Lafit, G. and Kuppens, P. and Houben, M. and Myin-Germeys, I. and Viechtbauer, W.},
    number      = {2},
    volume      = {29},
    url         = {http://doi.org/10.1177/1073191120957102},
    doi         = {10.1177/1073191120957102},
    date        = {2022},
    pages       = {136--151},
    journal     = {Assessment}
}


@article{Faul2009,
    title       = {Statistical power analyses using G* Power 3.1: {T}ests for correlation and regression analyses},
    author      = {Faul, F. and Erdfelder, E. and Buchner, A. and Lang, A.-G.},
    number      = {4},
    volume      = {41},
    url         = {https://doi.org/10.3758/BRM.41.4.1149},
    doi         = {10.3758/BRM.41.4.1149},
    date        = {2009},
    pages       = {1149--1160},
    journal     = {Behavior Research Methods}
}


@article{Franke2019,
    title       = {A personal resource for technology interaction: {D}evelopment and validation of the affinity for technology interaction ({ATI}) scale},
    author      = {Franke, T. and Attig, C. and Wessel, D.},
    number      = {6},
    volume      = {35},
    url         = {https://doi.org/10.1080/10447318.2018.1456150},
    doi         = {10.1080/10447318.2018.1456150},
    date        = {2019},
    pages       = {456--467},
    journal     = {International Journal of Human--Computer Interaction}
}


@article{Gelinas2018,
    title       = {A framework for ethical payment to research participants},
    author      = {Gelinas, L. and Largent, E. A. and Cohen, I. G. and Kornetsky, S. and Bierer, B. and Fernandez Lynch, H.},
    number      = {8},
    volume      = {378},
    url         = {http://doi.org/10.1056/NEJMsb1710591},
    doi         = {10.1056/NEJMsb1710591},
    date        = {2018},
    pages       = {766--771},
    journal     = {The New England Journal of Medicine}
}


@article{Gillies2021,
    title       = {Strategies to improve retention in randomised trials},
    author      = {Gillies, K. and Kearney, A. and Keenan, C. and Treweek, S. and Hudson, J. and Brueton, V. C. and Conway, T. and Hunter, A. and Murphy, L. and Carr, P. J.},
    url         = {https://doi.org/10.1002/14651858.MR000032.pub3},
    doi         = {10.1002/14651858.MR000032.pub3},
    date        = {2021},
    journal     = {Cochrane Database of Systematic Reviews}
}


@article{Harari2017,
    title       = {An evaluation of students' interest in and compliance with self-tracking methods: {R}ecommendations for incentives based on three smartphone sensing studies},
    author      = {Harari, G. M. and MÃ¼ller, S. R. and Mishra, V. and Wang, R. and Campbell, A. T. and Rentfrow, P. J. and Gosling, S. D.},
    number      = {5},
    volume      = {8},
    url         = {https://doi.org/10.1177/1948550617712033},
    doi         = {10.1177/1948550617712033},
    date        = {2017},
    pages       = {479--492},
    journal     = {Social Psychological and Personality Science}
}


@article{Haynes2019,
    title       = {Who are we testing? Self-selection bias in laboratory-based eating behaviour studies},
    author      = {Haynes, A. and Robinson, E.},
    volume      = {141, Article 104330},
    url         = {http://doi.org/10.1016/j.appet.2019.104330},
    doi         = {10.1016/j.appet.2019.104330},
    date        = {2019},
    journal     = {Appetite}
}


@article{Henrich2010,
    title       = {Most people are not {WEIRD}},
    author      = {Henrich, J. and Heine, S. J. and Norenzayan, A.},
    volume      = {466},
    url         = {https://doi.org/10.1038/466029a},
    doi         = {10.1038/466029a},
    date        = {2010},
    pages       = {29--29},
    journal     = {Nature}
}


@article{Hirsh2008,
    title       = {The devil you know: {N}euroticism predicts neural response to uncertainty},
    author      = {Hirsh, J. B. and Inzlicht, M.},
    number      = {10},
    volume      = {19},
    url         = {http://doi.org/10.1111/j.1467-9280.2008.02183.x},
    doi         = {10.1111/j.1467-9280.2008.02183.x},
    date        = {2008},
    pages       = {962--967},
    journal     = {Psychological Science}
}


@article{Humphreys2014,
    title       = {Estimating the efficacy of Alcoholics Anonymous without self-selection bias: {A}n instrumental variables re-analysis of randomized clinical trials},
    author      = {Humphreys, K. and Blodgett, J. C. and Wagner, T. H.},
    number      = {11},
    volume      = {38},
    url         = {http://doi.org/10.1111/acer.12557},
    doi         = {10.1111/acer.12557},
    date        = {2014},
    pages       = {2688--2694},
    journal     = {Alcoholism: Clinical and Experimental Research}
}


@article{Keusch2015,
    title       = {Why do people participate in Web surveys? Applying survey participation theory to Internet survey data collection},
    author      = {Keusch, F.},
    number      = {3},
    volume      = {65},
    url         = {https://doi.org/10.1007/s11301-014-0111-y},
    doi         = {10.1007/s11301-014-0111-y},
    date        = {2015},
    pages       = {183--216},
    journal     = {Management Review Quarterly}
}


@article{KÃ¶nig2022,
    title       = {A systematic review and meta-analysis of studies of reactivity to digital in-the-moment measurement of health behaviour},
    author      = {KÃ¶nig, L. M. and Allmeta, A. and Christlein, N. and Van Emmenis, M. and Sutton, S.},
    number      = {4},
    volume      = {16},
    url         = {http://doi.org/10.1080/17437199.2022.2047096},
    doi         = {10.1080/17437199.2022.2047096},
    date        = {2022},
    pages       = {551--575},
    journal     = {Health Psychology Review}
}


@article{KÃ¶nig2022,
    title       = {Characteristics of smartphone-based dietary assessment: {A} systematic review},
    author      = {KÃ¶nig, L. M. and Van Emmenis, M. and Nurmi, J. and Kassavou, K. and Sutton, S.},
    number      = {4},
    volume      = {16},
    url         = {http://doi.org/10.1080/17437199.2021.2016066},
    doi         = {10.1080/17437199.2021.2016066},
    date        = {2022},
    pages       = {526--550},
    journal     = {Health Psychology Review}
}


@article{Krukowski2024,
    title       = {Digital health interventions for all? Examining inclusivity across all stages of the digital health intervention research process},
    author      = {Krukowski, R. A. and Ross, K. M. and Western, M. J. and Cooper, R. and Busse, H. and Forbes, C. and Kuntsche, E. and Allmeta, A. and Silva, A. M. and John-Akinola, Y. O.},
    number      = {1},
    volume      = {25},
    url         = {https://doi.org/10.1186/s13063-024-07937-w},
    doi         = {10.1186/s13063-024-07937-w},
    date        = {2024},
    journal     = {Trials}
}


@article{Ludwigs2020,
    title       = {Can happiness apps generate nationally representative datasets? A case study collecting data on people's happiness using the German socio-economic panel},
    author      = {Ludwigs, K. and Lucas, R. and Veenhoven, R. and Richter, D. and Arends, L.},
    volume      = {15},
    url         = {https://doi.org/10.1007/s11482-019-09723-2},
    doi         = {10.1007/s11482-019-09723-2},
    date        = {2020},
    pages       = {1135--1149},
    journal     = {Applied Research in Quality of Life}
}


@article{Mey2020,
    title       = {Increases of negative affect following daily hassles are not moderated by neuroticism: {A}n ecological momentary assessment study},
    author      = {Mey, L. K. and Chmitorz, A. and Kurth, K. and Wenzel, M. and Kalisch, R. and TÃ¼scher, O. and Kubiak, T.},
    number      = {5},
    volume      = {36},
    url         = {http://doi.org/10.1002/smi.2964},
    doi         = {10.1002/smi.2964},
    date        = {2020},
    pages       = {615--628},
    journal     = {Stress and Health}
}


@article{Ottenstein2021,
    title       = {Compliance in ambulatory assessment studies: {I}nvestigating study and sample characteristics as predictors},
    author      = {Ottenstein, C. and Werner, L.},
    number      = {8},
    volume      = {29},
    url         = {http://doi.org/10.1177/10731911211032718},
    doi         = {10.1177/10731911211032718},
    date        = {2021},
    pages       = {1765--1776},
    journal     = {Assessment}
}


@article{Perski2023,
    title       = {Understanding health behaviours in context: {A} systematic review and meta-analysis of Ecological Momentary Assessment studies of five key health behaviours},
    author      = {Perski, O. and Keller, J. and Kale, D. and Asare, B. Y.-A. and Schneider, V. and Powell, D. and Naughton, F. and ten Hoor, G. and Verboon, P. and Kwasnicka, D.},
    number      = {4},
    volume      = {16},
    url         = {http://doi.org/10.1080/17437199.2022.2112258},
    doi         = {10.1080/17437199.2022.2112258},
    date        = {2023},
    pages       = {576--601},
    journal     = {Health Psychology Review}
}


@article{Pratap2020,
    title       = {Indicators of retention in remote digital health studies: {A} cross-study evaluation of 100,000 participants},
    author      = {Pratap, A. and Neto, E. C. and Snyder, P. and Stepnowsky, C. and Elhadad, N. and Grant, D. and Mohebbi, M. H. and Mooney, S. and Suver, C. and Wilbanks, J.},
    volume      = {3, Article 21},
    url         = {https://doi.org/10.1038/s41746-020-0224-8},
    doi         = {10.1038/s41746-020-0224-8},
    date        = {2020},
    journal     = {NPJ Digital Medicine}
}


@article{Rammstedt2007,
    title       = {Measuring personality in one minute or less: {A} 10-item short version of the Big Five Inventory in English and German},
    author      = {Rammstedt, B. and John, O. P.},
    number      = {1},
    volume      = {41},
    url         = {https://doi.org/10.1016/j.jrp.2006.02.001},
    doi         = {10.1016/j.jrp.2006.02.001},
    date        = {2007},
    pages       = {203--212},
    journal     = {Journal of Research in Personality}
}


@article{Renner2004,
    title       = {Biased reasoning: {A}daptive responses to health risk feedback},
    author      = {Renner, B.},
    number      = {3},
    volume      = {30},
    url         = {https://doi.org/10.1177/0146167203261296},
    doi         = {10.1177/0146167203261296},
    date        = {2004},
    pages       = {384--396},
    journal     = {Personality and Social Psychology Bulletin}
}


@article{Scholz2019,
    title       = {It's time to think about time in health psychology},
    author      = {Scholz, U.},
    number      = {2},
    volume      = {11},
    url         = {http://doi.org/10.1111/aphw.12156},
    doi         = {10.1111/aphw.12156},
    date        = {2019},
    pages       = {173--186},
    journal     = {Applied Psychology: Health and Well-Being}
}


@article{Shiffman2008,
    title       = {Ecological momentary assessment},
    author      = {Shiffman, S. and Stone, A. A. and Hufford, M. R.},
    volume      = {4},
    url         = {https://doi.org/10.1146/annurev.clinpsy.3.022806.091415},
    doi         = {10.1146/annurev.clinpsy.3.022806.091415},
    date        = {2008},
    pages       = {1--32},
    journal     = {Annual Review of Clinical Psychology}
}


@article{vanGelder2018,
    title       = {Most response-inducing strategies do not increase participation in observational studies: {A} systematic review and meta-analysis},
    author      = {van Gelder, M. M. H. J. and Vlenterie, R. and IntHout, J. and Engelen, L. J. L. P. G. and Vrieling, A. and van de Belt, T. H.},
    volume      = {99},
    url         = {http://doi.org/10.1016/j.jclinepi.2018.02.019},
    doi         = {10.1016/j.jclinepi.2018.02.019},
    date        = {2018},
    pages       = {1--13},
    journal     = {Journal of Clinical Epidemiology}
}


@article{Voslinsky2021,
    title       = {Incentives in experimental economics},
    author      = {Voslinsky, A. and Azar, O. H.},
    volume      = {93, Article 101706},
    url         = {https://doi.org/10.1016/j.socec.2021.101706},
    doi         = {10.1016/j.socec.2021.101706},
    date        = {2021},
    journal     = {Journal of Behavioral and Experimental Economics}
}


@inproceedings{Wessel2019,
    title       = {{ATI}-S-An Ultra-Short Scale for Assessing Affinity for Technology Interaction in User Studies},
    author      = {Wessel, D. and Attig, C. and Franke, T.},
    url         = {https://doi.org/10.1145/3340764.3340766},
    doi         = {10.1145/3340764.3340766},
    date        = {2019},
    pages       = {147--154},
    booktitle     = {Proceedings of Mensch und Computer 2019}
}


@article{Wilhelm2007,
    title       = {Assessing mood in daily life: {S}tructural validity, sensitivity to change, and reliability of a short-scale to measure three basic dimensions of mood},
    author      = {Wilhelm, P. and Schoebi, D.},
    number      = {4},
    volume      = {23},
    url         = {https://doi.org/10.1027/1015-5759.23.4.258},
    doi         = {10.1027/1015-5759.23.4.258},
    date        = {2007},
    pages       = {258--267},
    journal     = {European Journal of Psychological Assessment}
}


@article{imDialog/Kantar2021,
    author      = {im Dialog/ Kantar, Wissenschaft},
    url         = {https://www.wissenschaft-im-dialog.de/projekte/wissenschaftsbarometer/wissenschaftsbarometer-2021/},
    date        = {2021}
}


@article{Wrzus2022,
    title       = {Ecological Momentary Assessment: {A} meta-analysis on designs, samples, and compliance across research fields},
    author      = {Wrzus, C. and Neubauer, A. B.},
    number      = {3},
    volume      = {30},
    url         = {http://doi.org/10.1177/10731911211067538},
    doi         = {10.1177/10731911211067538},
    date        = {2022},
    pages       = {825--846},
    journal     = {Assessment}
}


@article{Ziesemer2020,
    title       = {Occurrence of and reasons for âmissing eventsâ in mobile dietary assessments: {R}esults from three event-based {EMA} studies},
    author      = {Ziesemer, K. and KÃ¶nig, L. M. and Boushey, C. J. and Villinger, K. and Wahl, D. and Butscher, S. and MÃ¼ller, J. and Reiterer, H. and Schupp, H. T. and Renner, B.},
    number      = {10},
    volume      = {8},
    url         = {https://doi.org/10.2196/15430},
    doi         = {10.2196/15430},
    date        = {2020},
    journal     = {JMIR mHealth \& uHealth}
}
