%% LaTeX2e file `bibliography.bib'
%% generated by the `filecontents' environment
%% from source `steltenpohl' on 2023/05/02.
%%
 @misc{AccessControls2020,
    title       = {Access controls},
    url         = {https://qdr.syr.edu/guidance/human-participants/access-controls},
    date        = {2020}
}


@article{Bennett2021,
    title       = {Open science from a qualitative, feminist perspective: {E}pistemological dogmas and a call for critical examination},
    author      = {Bennett, E. A.},
    number      = {4},
    volume      = {45},
    url         = {https://doi.org/10.1177/03616843211036460},
    doi         = {10.1177/03616843211036460},
    date        = {2021},
    pages       = {448–456},
    journal     = {Psychology of Women Quarterly}
}


@article{Bennett2022,
    title       = {Collaborative untangling of positionality, ownership, and answerability as white researchers in indigenous spaces},
    author      = {Bennett, C. and Fitzpatrick-Harnish, K. and Talbot, B.},
    number      = {4},
    volume      = {40},
    date        = {2022},
    pages       = {628–641},
    journal     = {International Journal of Music Education}
}


@article{Billups2014,
    title       = {Trustworthiness and the quest for rigor in qualitative research},
    author      = {Billups, F. D.},
    volume      = {52},
    url         = {https://www.nera-education.org/docs/TNR_Fall_2014_Color_Final.pdf},
    date        = {2014},
    pages       = {10–12},
    journal     = {NERA Researcher}
}


@article{Birks2008,
    title       = {Memoing in qualitative research: {P}robing data and processes},
    author      = {Birks, M. and Chapman, Y. and Francis, K.},
    number      = {1},
    volume      = {13},
    url         = {https://doi.org/10.1177/1744987107081254},
    doi         = {10.1177/1744987107081254},
    date        = {2008},
    pages       = {68–75},
    journal     = {Journal of Research in Nursing}
}


@inproceedings{Bornstein2022,
    title       = {Active Accountability for Disproportionate Discipline and Disability Classification Highlights Student Agency, Contextualization, and Racialization},
    author      = {Bornstein, J. and Lustick, H. and Shallish, L. and Hannon, L. and Okilwa, N.},
    place       = {San Diego, California},
    date        = {2022-04},
    booktitle     = {American Educational Research Association 2022 Conference}
}


@article{Caretta2016,
    title       = {Member checking: {A} feminist participatory analysis of the use of preliminary results pamphlets in cross-cultural, cross-language research},
    author      = {Caretta, M. A.},
    number      = {3},
    volume      = {16},
    url         = {https://doi.org/1177/1468794115606495},
    date        = {2016},
    pages       = {305–318},
    journal     = {Qualitative Research}
}


@article{Caretta2019,
    title       = {When participants do not agree: {M}ember checking and challenges to epistemic authority in participatory research},
    author      = {Caretta, M. A. and Perez, M. A.},
    number      = {4},
    volume      = {31},
    url         = {https://doi.org/10.1177/1525822X19866578},
    doi         = {10.1177/1525822X19866578},
    date        = {2019},
    pages       = {359–374},
    journal     = {Field Methods}
}


@article{Clancy2013,
    title       = {Is reflexivity the key to minimising problems of interpretation in phenomenological research?},
    author      = {Clancy, M.},
    number      = {6},
    volume      = {20},
    url         = {https://doi.org/10.7748/nr2013.07.20.6.12.e1209},
    doi         = {10.7748/nr2013.07.20.6.12.e1209},
    date        = {2013},
    pages       = {12–16},
    journal     = {Nurse Researcher}
}


@article{Clarke2022,
    title       = {Navigating the messy swamp of qualitative research: {A}re generic reporting standards the answer?},
    author      = {Clarke, V.},
    number      = {4},
    volume      = {19},
    url         = {https://doi.org/10.1080/14780887.2021.1995555},
    doi         = {10.1080/14780887.2021.1995555},
    date        = {2022},
    pages       = {1004–1012},
    journal     = {Qualitative Research in Psychology}
}


@book{Corker2022,
    title       = {The importance of updating registrations: {A} round table discussion},
    author      = {Corker, K. Davis-Kean and Whylly, P. Eldon and {K} and Steltenpohl, C. N.},
    url         = {https://www.youtube.com/watch?v=6JfsBC31en4},
    publisher   = {Center for Open Science},
    date        = {2022}
}


@article{Creswell2000,
    title       = {Determining validity in qualitative inquiry},
    author      = {Creswell, J. W. and Miller, D. L.},
    number      = {3},
    volume      = {39},
    url         = {https://doi.org/10.1207/s15430421tip3903_2},
    doi         = {10.1207/s15430421tip3903_2},
    date        = {2000},
    pages       = {124–130},
    journal     = {Theory Into Practice}
}


@book{Creswell2018,
    title       = {Qualitative inquiry \& research design: {C}hoosing among five approaches},
    author      = {Creswell, J. W. and Miller, D. L. and Poth, C. N.},
    publisher   = {SAGE},
    date        = {2018}
}


@article{Cummings2015,
    title       = {Impact of open data policies on consent to participate in human subjects research: {D}iscrepancies between participant action and reported concerns},
    author      = {Cummings, J. A. and Zagrodney, J. M. and Day, T. E.},
    number      = {5},
    volume      = {10},
    url         = {https://doi.org/10.1371/journal.pone.0125208},
    doi         = {10.1371/journal.pone.0125208},
    date        = {2015},
    pages       = {0125208},
    journal     = {PLoS One}
}


@article{Davies2002,
    title       = {Qualitative research and the question of rigor},
    author      = {Davies, D. and Dodd, J.},
    number      = {2},
    volume      = {12},
    url         = {https://doi.org/10.1177/104973230201200211},
    doi         = {10.1177/104973230201200211},
    date        = {2002},
    pages       = {279–289},
    journal     = {Qualitative Health Researcher}
}


@book{DeHaven2017,
    title       = {Preregistration: {A} plan, not a prison},
    author      = {DeHaven, A.},
    url         = {https://www.cos.io/blog/preregistration-plan-not-prison},
    publisher   = {Center for Open Science},
    date        = {2017}
}


@article{Elson2021,
    title       = {I'm all in favor of data sharing, even mandatory where possible},
    author      = {Elson, M.},
    url         = {https://web.archive.org/web/20210929155622/https://twitter.com/maltoesermalte/status/1390758338321952770},
    date        = {2021-05-07}
}


@article{Ercikan2006,
    title       = {What good is polarizing research into qualitative and quantitative?},
    author      = {Ercikan, K. and Roth, W. M.},
    number      = {5},
    volume      = {35},
    url         = {https://doi.org/10.3102/0013189X035005014},
    doi         = {10.3102/0013189X035005014},
    date        = {2006},
    pages       = {14–23},
    journal     = {Educational Researcher}
}


@inbook{Fecher2014,
    title       = {Open science: {O}ne term, five schools of thought},
    author      = {Fecher, B. and Friesike, S.},
    editor      = {Bartling, S. and Friesike, S.},
    url         = {https://doi.org/10.1007/978-3-319-00026-8},
    doi         = {10.1007/978-3-319-00026-8},
    publisher   = {Springer},
    place       = {17–47},
    date        = {2014},
    booktitle     = {Opening science}
}


@article{Fielding2004,
    title       = {Getting the most from archived qualitative data: {E}pistemological, practical and professional obstacles},
    author      = {Fielding, N.},
    number      = {1},
    volume      = {7},
    url         = {https://doi.org/10.1080/13645570310001640699},
    doi         = {10.1080/13645570310001640699},
    date        = {2004},
    pages       = {97–104},
    journal     = {International Journal of Social Research Methodology}
}


@article{Fook2007,
    title       = {Challenges of critical reflection: ‘Nothing ventured, nothing gained},
    author      = {Fook, Jan and Askeland, G. A.},
    number      = {5},
    volume      = {26},
    url         = {https://doi.org/10.1080/02615470601118662},
    doi         = {10.1080/02615470601118662},
    date        = {2007},
    pages       = {520–33},
    journal     = {Social Work Education}
}


@inbook{Geertz1973,
    title       = {Thick description: {T}oward an interpretive theory of culture},
    author      = {Geertz, C.},
    editor      = {Geetz, C.},
    publisher   = {Basic Books},
    date        = {1973},
    pages       = {3–30},
    booktitle     = {The interpretation of cultures: Selected essays}
}


@article{Gillborn2018,
    title       = {QuantCrit: {E}ducation, policy, ‘big data’ and principles for a critical race theory of statistics},
    author      = {Gillborn, D. and Warmington, P. and Demack, S.},
    number      = {2},
    volume      = {21},
    url         = {https://doi.org/10.1080/13613324.2017.1377417},
    doi         = {10.1080/13613324.2017.1377417},
    date        = {2018},
    pages       = {158–179},
    journal     = {Race Ethnicity and Education}
}


@article{Guillemin2004,
    title       = {Ethics, reflexivity, and “ethically important moments” in research},
    author      = {Guillemin, M. and Gillam, L.},
    number      = {2},
    volume      = {10},
    url         = {https://doi.org/10.1177/1077800403262360},
    doi         = {10.1177/1077800403262360},
    date        = {2004},
    pages       = {261–280},
    journal     = {Qualitative Inquiry}
}


@article{Goldblatt2016,
    title       = {From understanding to insight: {U}sing reflexivity to promote students’ learning of qualitative research},
    author      = {Goldblatt, H. and Band-Winterstein, T.},
    number      = {2},
    volume      = {17},
    url         = {https://doi.org/10.1080/14623943.2015.1134471},
    doi         = {10.1080/14623943.2015.1134471},
    date        = {2016},
    pages       = {100–113},
    journal     = {Reflective Practice}
}


@article{Gow2020,
    title       = {Participation in patient support forums may put rare disease patient data at risk of re-identification},
    author      = {Gow, J. and Moffatt, C. and Blackport, J.},
    number      = {1},
    volume      = {15},
    url         = {https://doi.org/10.1186/s13023-020-01497-3},
    doi         = {10.1186/s13023-020-01497-3},
    date        = {2020},
    pages       = {1–12},
    journal     = {Orphanet Journal of Rare Diseases}
}


@article{Hagger2019,
    title       = {Embracing open science and transparency in health psychology},
    author      = {Hagger, M. S.},
    number      = {2},
    volume      = {13},
    url         = {https://doi.org/10.1080/17437199.2019.1605614},
    doi         = {10.1080/17437199.2019.1605614},
    date        = {2019},
    pages       = {131–136},
    journal     = {Health Psychology Review}
}


@article{Haven2020,
    title       = {Preregistering qualitative research: {A} Delphi study},
    author      = {Haven, T. L. and Errington, T. M. and Gleditsch, K. S. and van Grootel, L. and Jacobs, A. M. and Kern, F. G. and Piñeiro, R. and Rosenblatt, F. and Mokkink, L. B.},
    volume      = {19},
    url         = {https://doi.org/10.1177/1609406920976417},
    doi         = {10.1177/1609406920976417},
    date        = {2020},
    pages       = {1–13},
    journal     = {International Journal of Qualitative Methods}
}


@article{Hope2019,
    title       = {In search of a critical stance: {A}pplying qualitative research practices for critical quantitative research in psychology},
    author      = {Hope, E. C. and Brugh, C. S. and Nance, A.},
    number      = {2},
    volume      = {5},
    url         = {https://doi.org/10.1285/i24212113v5i2p63},
    doi         = {10.1285/i24212113v5i2p63},
    date        = {2019},
    pages       = {63–69},
    journal     = {Community Psychology in Global Perspective}
}


@article{Humphreys2021,
    title       = {Integrating qualitative methods and open science: {F}ive principles for more trustworthy research},
    author      = {Humphreys, L. and {Lewis Jr}, N. A. and Sender, K. and \& Won, A. S.},
    number      = {5},
    volume      = {71},
    url         = {https://doi.org/10.1093/joc/jqab026},
    doi         = {10.1093/joc/jqab026},
    date        = {2021},
    pages       = {855–874},
    journal     = {Journal of Communication}
}


@article{ICPSRND,
    title       = {Accessing restricted data at {ICPSR}},
    author      = {{ICPSR}},
    url         = {https://www.icpsr.umich.edu/web/pages/ICPSR/access/restricted/},
    date        = {nd}
}


@article{Jamieson2022,
    title       = {Reflexivity in quantitative research: {A} rationale and beginner's guide},
    author      = {Jamieson, M. K. and Govaart, G. and Pownal, M.},
    url         = {http://doi.org/10.31234/osf.io/xvrhm},
    doi         = {10.31234/osf.io/xvrhm},
    date        = {2022},
    journal     = {PsyArXiv}
}


@article{Johnson2020,
    title       = {A review of the quality indicators of rigor in qualitative research},
    author      = {Johnson, J. L. and Adkins, D. and Chauvin, S.},
    number      = {1},
    volume      = {84},
    url         = {https://doi.org/10.5688/ajpe7120},
    doi         = {10.5688/ajpe7120},
    date        = {2020},
    pages       = {138 – 146},
    journal     = {American Journal of Pharmaceutical Education}
}


@article{Khan2018,
    title       = {Forgotten but not gone: {I}dentifying the need for longitudinal data management in cloud storage},
    author      = {Khan, M. T. and Hyun, M. and Kanich, C. and Ur, B.},
    url         = {https://jglobal.jst.go.jp/en/detail?JGLOBAL_ID=202002290369007676},
    date        = {2018},
    pages       = {1–12},
    journal     = {ACM Proceedings}
}


@article{Lash2015,
    title       = {Declining the Transparency and Openness Promotion Guidelines},
    author      = {Lash, T. L.},
    number      = {6},
    volume      = {26},
    url         = {https://doi.org/10.1097/EDE.0000000000000382},
    doi         = {10.1097/EDE.0000000000000382},
    date        = {2015},
    pages       = {779–780},
    journal     = {Epidemiology}
}


@article{Lazard2020,
    title       = {Doing reflexivity in psychological research: {W}hat’s the point? What’s the practice?},
    author      = {Lazard, L. and McAvoy, J.},
    number      = {2},
    volume      = {17},
    url         = {https://doi.org/10.1080/14780887.2017.1400144},
    doi         = {10.1080/14780887.2017.1400144},
    date        = {2020},
    pages       = {159–177},
    journal     = {Qualitative Research in Psychology}
}


@book{Levitt2020,
    title       = {Reporting qualitative research in psychology: {H}ow to meet {APA} style journal article reporting standards},
    author      = {Levitt, H. M.},
    publisher   = {American Psychological Association},
    date        = {2020}
}


@book{Lincoln1985,
    title       = {Naturalistic inquiry},
    author      = {Lincoln, Y. S. and Guba, E. G.},
    publisher   = {Sage},
    date        = {1985}
}


@article{Lincoln1986,
    title       = {But is it rigorous? Trustworthiness and authenticity in naturalistic evaluation},
    author      = {Lincoln, Y. S. and Guba, E. G.},
    volume      = {30},
    date        = {1986},
    pages       = {73–84},
    journal     = {New Directions for Program Evaluation}
}


@article{Long-Sutehall2011,
    title       = {Secondary analysis of qualitative data: {A} valuable method for exploring sensitive issues with an elusive population?},
    author      = {Long-Sutehall, T. and Sque, M. and Addington-Hall, J.},
    number      = {4},
    volume      = {16},
    url         = {https://doi.org/10.1177/1744987110381553},
    doi         = {10.1177/1744987110381553},
    date        = {2011},
    pages       = {335–344},
    journal     = {Journal of Research in Nursing}
}


@article{Lyon2016,
    title       = {Transparency: {T}he emerging third dimension of open science and open data},
    author      = {Lyon, L.},
    number      = {4},
    volume      = {25},
    url         = {http://doi.org/10.18352/lq.10113},
    doi         = {10.18352/lq.10113},
    date        = {2016},
    pages       = {153–171},
    journal     = {LIBER Quarterly}
}


@article{Mackenzie2006,
    title       = {Research dilemmas: {P}aradigms, methods and methodology},
    author      = {Mackenzie, N. and Knipe, S.},
    number      = {2},
    volume      = {16},
    url         = {http://www.iier.org.au/iier16/mackenzie.html},
    date        = {2006},
    pages       = {193–205},
    journal     = {Issues in educational research}
}


@article{Makel2022,
    title       = {Replication is relevant in qualitative research},
    author      = {Makel, M. C. and Meyer, M. S. and Pei, M. A. and Roberts, A. M. and Plucker, J. A.},
    number      = {1-2},
    volume      = {27},
    url         = {https://doi.org/10.1080/13803611.2021.2022310},
    doi         = {10.1080/13803611.2021.2022310},
    date        = {2022},
    pages       = {215–219},
    journal     = {Educational Research and Evaluation}
}


@article{Malterud2001,
    title       = {Qualitative research: standards, challenges, and guidelines},
    author      = {Malterud, K.},
    number      = {9280},
    volume      = {358},
    url         = {https://doi.org/10.1016/S0140-6736(01)05627-6},
    doi         = {10.1016/S0140-6736(01)05627-6},
    date        = {2001},
    pages       = {483–488},
    journal     = {The Lancet}
}


@article{Mao2016,
    title       = {Embracing the spiral: {R}esearcher reflexivity in diverse critical methodologies},
    author      = {Mao, L. and Mian Akram, A. and Chovanec, D. and Underwood, M. L.},
    number      = {1},
    volume      = {15},
    url         = {https://doi.org/10.1177/1609406916681005},
    doi         = {10.1177/1609406916681005},
    date        = {2016},
    pages       = {1–8},
    journal     = {International Journal of Qualitative Methods}
}


@article{Mellor2021,
    title       = {Preregistration and transparency in the research process},
    author      = {Mellor, D. T.},
    url         = {https://doi.org/10.31219/osf.io/8rq3t},
    doi         = {10.31219/osf.io/8rq3t},
    date        = {2021},
    journal     = {PsyArXiv}
}


@article{Meyer2019,
    title       = {Looking back to move forward: {T}he value of reflexive journaling for novice researchers},
    author      = {Meyer, K. and Willis, R.},
    number      = {5},
    volume      = {62},
    url         = {https://doi.org/10.1080/01634372.2018.1559906},
    doi         = {10.1080/01634372.2018.1559906},
    date        = {2019},
    pages       = {578–585},
    journal     = {Journal of Gerontological Social Work}
}


@article{Mill2003,
    title       = {Establishing methodological rigour in international qualitative nursing research: {A} case study from Ghana},
    author      = {Mill, J. E. and Ogilvie, L. D.},
    number      = {1},
    volume      = {41},
    url         = {https://doi.org/10.1046/j.1365-2648.2003.02509.x},
    doi         = {10.1046/j.1365-2648.2003.02509.x},
    date        = {2003},
    pages       = {80–87},
    journal     = {Journal of Advanced Nursing}
}

@book{Moravcsik2019,
        author = {Moravcsik, Andrew},
        doi = {10.4135/9781526421036},
        url = {https://doi.org/10.4135/9781526421036},
        year = {2019},
        publisher = {{SAGE} Publications Ltd},
        title = {Transparency in Qualitative Research},
}

@article{Mozersky2020,
    title       = {Are we ready to share qualitative research data? Knowledge and preparedness among qualitative researchers, {IRB} Members, and data repository curators},
    author      = {Mozersky, J. and Walsh, H. and Parsons, M. and McIntosh, T. and Baldwin, K. and DuBois, J. M.},
    number      = {4},
    volume      = {43},
    url         = {https://doi.org/10.1002/eahr.500044},
    doi         = {10.1002/eahr.500044},
    date        = {2020},
    pages       = {13–27},
    journal     = {IASSIST quarterly}
}


@article{McIntosh2021,
    title       = {Barriers and facilitators to qualitative data sharing in the United States: {A} survey of qualitative researchers},
    author      = {McIntosh, T. and Walsh, H. A. and Parsons, M. V. and Goodman, M. and DuBois, J. M.},
    number      = {12},
    volume      = {16},
    url         = {https://doi.org/10.1371/journal.pone.0261719},
    doi         = {10.1371/journal.pone.0261719},
    date        = {2021},
    pages       = {0261719},
    journal     = {PLoS ONE}
}


@book{NIH2020,
    title       = {{NIH} data sharing policy and implementation guidance},
    author      = {{National Institutes of Health [NIH]}},
    url         = {https://sharing.nih.gov/data-management-and-sharing-policy/about-data-management-and-sharing-policy/data-management-and-sharing-policy-overview#after},
    publisher   = {U.S. Department of Health and Human Services},
    date        = {2020}
}


@book{NIHND,
    title       = {Enhancing reproducibility through rigor and transparency},
    author      = {{National Institutes of Health [NIH]}},
    url         = {https://grants.nih.gov/policy/reproducibility/index.htm},
    publisher   = {U.S. Department of Health and Human Services},
    date        = {n.d.}
}


@article{Nosek2015,
    title       = {Promoting an open research culture},
    author      = {Nosek, B. A. and Alter, G. and Banks, G. C. and Borsboom, D. and Bowman, S. D. and Breckler, S. J. and Buck, S. and Chambers, C. D. and Chin, G. and Christensen, G. and Contestabile, M. and Dafoe, A. and Eich, E. and Freese, J. and Glennerster, R. and Goroff, D. and Green, D. P. and Hesse, B. and Humphreys, M. and Yarkoni, T.},
    number      = {6242},
    volume      = {348},
    url         = {https://doi.org/10.1126/science.aab2374},
    doi         = {10.1126/science.aab2374},
    date        = {2015},
    pages       = {1422–1425},
    journal     = {Science}
}


@article{Nowell2017,
    title       = {Thematic analysis: {S}triving to meet the trustworthiness criteria},
    author      = {Nowell, L. S. and Norris, J. M. and White, D. E. and Moules, N. J.},
    number      = {1},
    volume      = {16},
    url         = {https://doi.org/10.1177/1609406917733847},
    doi         = {10.1177/1609406917733847},
    date        = {2017},
    pages       = {1–13},
    journal     = {International Journal of Qualitative Methods}
}


@article{OfficeofScience2022,
    title       = {Ensuring Free, Immediate, and Equitable Access to Federally Funded Research},
    author      = {{Office of Science and Technology Policy}},
    url         = {https://www.whitehouse.gov/wp-content/uploads/2022/08/08-2022-OSTP-Public-Access-Memo.pdf},
    date        = {2022}
}


@book{Patton2014,
    title       = {Qualitative research \& evaluation methods},
    author      = {Patton, M. Q.},
    publisher   = {Sage Publications},
    date        = {2014}
}


@article{Peredaryenko2013,
    title       = {Calibrating the human instrument: {U}nderstanding the interviewing experience of novice qualitative researchers},
    author      = {Peredaryenko, M. S. and Krauss, S. E.},
    number      = {43},
    volume      = {18},
    url         = {https://doi.org/10.46743/2160-3715/2013.1449},
    doi         = {10.46743/2160-3715/2013.1449},
    date        = {2013},
    pages       = {1–17},
    journal     = {Qualitative Report}
}


@article{Powers2019,
    title       = {Open science, reproducibility, and transparency in ecology},
    author      = {Powers, S. M. and Hampton, S. E.},
    number      = {1},
    volume      = {29},
    url         = {https://doi.org/10.1002/eap.1822},
    doi         = {10.1002/eap.1822},
    date        = {2019},
    pages       = {01822},
    journal     = {Ecological Applications}
}


@article{QualitativeDataRepository2022,
    title       = {Human participants general guidance},
    author      = {{Qualitative Data Repository}},
    url         = {https://qdr.syr.edu/guidance/human-participants},
    date        = {2022}
}


@article{QualitativeDataRepositoryND,
    date        = { (n.d.)},
    title       = {Preparing data files},
    author      = {{Qualitative Data Repository}},
    url         = {https://qdr.syr.edu/guidance/managing/preparing-data}
}


@article{Rodgers1993,
    title       = {The qualitative research audit trail: {A} complex collection of documentation},
    author      = {Rodgers, B. L. and Cowles, K. V.},
    number      = {3},
    volume      = {16},
    url         = {https://doi.org/10.1002/nur.4770160309},
    doi         = {10.1002/nur.4770160309},
    date        = {1993},
    pages       = {219–226},
    journal     = {Research in Nursing \& Health}
}


@article{Rolfe2006,
    title       = {Validity, trustworthiness and rigour: {Q}uality and the idea of qualitative research},
    author      = {Rolfe, G.},
    number      = {3},
    volume      = {53},
    url         = {https://doi.org/10.1111/j.1365-2648.2006.03727.x},
    doi         = {10.1111/j.1365-2648.2006.03727.x},
    date        = {2006},
    pages       = {304–310},
    journal     = {Journal of Advanced Nursing}
}


@article{Rooney2015,
    title       = {Consent in longitudinal intimacy research: {A}djusting formal procedure as a means of enhancing reflexivity in ethically important decisions},
    author      = {Rooney, V. M.},
    number      = {1},
    volume      = {15},
    url         = {https://doi.org/10.1177/1468794113501686},
    doi         = {10.1177/1468794113501686},
    date        = {2015},
    pages       = {71–84},
    journal     = {Qualitative Research}
}


@article{Ross2018,
    title       = {Ethical aspects of data sharing and research participant protections},
    author      = {Ross, M. W. and Iguchi, M. Y. and Panicker, S.},
    number      = {2},
    volume      = {73},
    url         = {http://dx.doi.org/10.1037/amp0000240},
    doi         = {10.1037/amp0000240},
    date        = {2018},
    pages       = {138 – 145},
    journal     = {American Psychologist}
}


@article{Ruggiano2019,
    title       = {Conducting secondary analysis of qualitative data: {S}hould we, can we, and how?},
    author      = {Ruggiano, N. and Perry, T. E.},
    number      = {1},
    volume      = {18},
    url         = {https://doi.org/10.1177%2F1473325017700701},
    date        = {2019},
    pages       = {81–97},
    journal     = {Qualitative Social Work}
}


@article{Sakaluk2021,
    title       = {Response to commentaries on Sakaluk (2020},
    author      = {Sakaluk, J. K.},
    number      = {5},
    volume      = {50},
    url         = {https://doi.org/10.1007/s10508-021-02020-w},
    doi         = {10.1007/s10508-021-02020-w},
    date        = {2021},
    pages       = {1847–1852},
    journal     = {Archives of Sexual Behavior}
}


@book{Savin-Baden2013,
    title       = {Qualitative Research: {T}he Essential Guide to Theory and Practice},
    author      = {Savin-Baden, M. and Howell-Major, C.},
    publisher   = {Routledge},
    date        = {2013}
}


@article{Schöpfel2019,
    title       = {Data papers as a new form of knowledge organization in the field of research data},
    author      = {Schöpfel, J. and Farace, D. and Prost, H. and Zane, A.},
    number      = {8},
    volume      = {46},
    url         = {https://halshs.archives-ouvertes.fr/halshs-02284548},
    date        = {2019},
    pages       = {622–638},
    journal     = {Knowledge Organization}
}


@article{Small2014,
    title       = {Institutional ethical review and ethnographic research involving injection drug users: {A} case study},
    author      = {Small, W. and Maher, L. and Kerr, T.},
    volume      = {104},
    url         = {https://doi.org/10.1016/j.socscimed.2013.12.010},
    doi         = {10.1016/j.socscimed.2013.12.010},
    date        = {2014},
    pages       = {157–162},
    journal     = {Social Science \& Medicine}
}


@article{Stahl2020,
    title       = {Expanding approaches for research: {U}nderstanding and using trustworthiness in qualitative research},
    author      = {Stahl, N. A. and King, J. R.},
    number      = {1},
    volume      = {44},
    url         = {https://files.eric.ed.gov/fulltext/EJ1320570.pdf},
    date        = {2020},
    pages       = {26–28},
    journal     = {Journal of Developmental Education}
}


@book{Stake1995,
    title       = {The art of case study research},
    author      = {Stake, R. E.},
    publisher   = {Sage},
    place       = {Thousand Oaks, CA},
    date        = {1995}
}


@article{Steltenpohl2021,
    title       = {Society for the Improvement of Psychological Science global engagement task force report},
    author      = {Steltenpohl, C. N. and Montilla Doble, L. J. and Basnight-Brown, D. M. and Dutra, N. B. and Belaus, A. and Kung, C. C. and Onie, S. and Seernani, D. and Chen, S. and Burin, D. I. and Darda, K.},
    number      = {1},
    volume      = {7},
    url         = {https://doi.org/10.1525/collabra.22968},
    doi         = {10.1525/collabra.22968},
    date        = {2021},
    pages       = {22968},
    journal     = {Collabra: Psychology}
}


@article{Tobin2004,
    title       = {Methodological rigour within a qualitative framework},
    author      = {Tobin, G. A. and Begley, C. M.},
    number      = {4},
    volume      = {48},
    url         = {https://doi.org/10.1111/j.1365-2648.2004.03207.x},
    doi         = {10.1111/j.1365-2648.2004.03207.x},
    date        = {2004},
    pages       = {388–396},
    journal     = {Journal of Advanced Nursing}
}


@article{Organization2021,
    author      = {{United Nations Educational, Scientific and Cultural Organization}},
    title       = {{UNESCO} Recommendation on Open Science},
    url         = {https://unesdoc.unesco.org/ark:/48223/pf0000379949},
    date        = {2021},
    journal     = {UNESCO}
}


@article{VandeVusse2022,
    title       = {Qualitative data sharing: {P}articipant understanding, motivation, and consent},
    author      = {VandeVusse, A. and Mueller, J. and Karcher, S.},
    number      = {1},
    volume      = {32},
    url         = {https://doi.org/10.1177/10497323211054058},
    doi         = {10.1177/10497323211054058},
    date        = {2022},
    pages       = {182–191},
    journal     = {Qualitative Health Research}
}


@article{Vazire2018,
    title       = {Implications of the credibility revolution for productivity, creativity, and progress},
    author      = {Vazire, S.},
    number      = {4},
    volume      = {13},
    url         = {https://doi.org/10.1177/1745691617751884},
    doi         = {10.1177/1745691617751884},
    date        = {2018},
    pages       = {411–417},
    journal     = {Perspectives on Psychological Science}
}


@article{Wolf2003,
    title       = {Exploring the audit trail for qualitative investigations},
    author      = {Wolf, Z. R.},
    number      = {4},
    volume      = {28},
    url         = {https://journals.lww.com/nurseeducatoronline/Fulltext/2003/07000/Exploring_the_Audit_Trail_for_Qualitative.8.aspx},
    date        = {2003},
    pages       = {175–178},
    journal     = {Nurse Educator}
}


@article{Youngblut1990,
    title       = {Data management issues in longitudinal research},
    author      = {Youngblut, J. M. and Loveland-Cherry, C. and Horan, M. F.},
    number      = {3},
    volume      = {39},
    url         = {https://doi.org/10.1097/00006199-199005000-00019},
    doi         = {10.1097/00006199-199005000-00019},
    date        = {1990},
    pages       = {188 – 189},
    journal     = {Nursing Research}
}
