
@article{Brown2011,
  title = {Medication Adherence: {{WHO}} Cares?},
  author = {Brown, M.T. and Bussell, J.K.},
  date = {2011},
  journaltitle = {Mayo Clinical Proceedings},
  volume = {86},
  number = {4},
  pages = {304--314},
  doi = {10.4065/mcp.2010.0575}
}

@article{Hartman2021,
  title = {Medication Adherence in Older People with Rheumatoid Arthritis Is Lower According to Electronic Monitoring than According to Pill Count},
  author = {Hartman, L. and Cutolo, M. and Bos, R. and Opris-Belinski, D. and Kok, M.R. and Griep-Wentink, H. and Klaasen, R. and Allaart, C.F. and Bruyn, G.A.W. and Raterman, H.G. and Voshaar, M.J.H. and Gomes, N. and Pinto, R.M.A. and Klausch, L.T. and Lems, W.F. and Boers, M.},
  date = {2021},
  journaltitle = {Rheumatology},
  doi = {10.1093/rheumatology/keab207}
}

@article{Jungst2019,
  title = {Medication Adherence among Patients with Chronic Diseases: A Survey-Based Study in Pharmacies},
  author = {Jungst, C. and Graber, S. and Simons, S. and Wedemeyer, H. and Lammert, F.},
  date = {2019},
  journaltitle = {QJM: An International Journal of Medicine},
  volume = {112},
  number = {7},
  pages = {505--512},
  doi = {10.1093/qjmed/hcz058}
}

@article{Kini2018,
  title = {Interventions to Improve Medication Adherence: A Review},
  author = {Kini, V. and Ho, P.M.},
  date = {2018},
  journaltitle = {The Journal of the American Medical Association},
  volume = {320},
  number = {23},
  pages = {2461--2473},
  doi = {10.1001/jama.2018.19271}
}


