
@article{Abma2020,
  title = {Experiment and fail},
  author = {Abma, R.},
  date = {2020},
  journaltitle = {Journal of Trial and Error},
  volume = {1},
  pages = {22--27},
  doi = {10.36850/r1},
  keywords = {⛔ No DOI found},
  number = {1}
}

@article{Brenninkmeijer2019,
  title = {Informal laboratory practices in psychology},
  author = {Brenninkmeijer, J. and Derksen, M. and Rietzschel, E.},
  date = {2019},
  journaltitle = {Collabra: Psychology},
  volume = {5},
  pages = {45},
  doi = {10.1525/collabra.221},
  number = {1}
}

@article{Derksen2001,
  title = {Discipline, subjectivity and personality: {{An}} analysis of the manuals of four psychological tests},
  author = {Derksen, M.},
  date = {2001},
  journaltitle = {History of the Human Sciences},
  volume = {14},
  pages = {25--47},
  doi = {10.1177/095269510101400102},
  number = {1}
}

@article{Derksen2017,
  title = {Histories of human engineering: {{Tact}} and technology},
  author = {Derksen, M.},
  date = {2017},
  doi = {10.1017/9781107414921},
  unknown = {Cambridge University Press. https://doi.org/10.1017/9781107414921}
}

@article{Lezaun2007,
  title = {A market of opinions: {{The}} political epistemology of focus groups},
  author = {Lezaun, J.},
  date = {2007},
  journaltitle = {Sociological Review},
  volume = {55},
  pages = {130--151},
  doi = {10.1111/j.1467-954X.2007.00733.x}
}

@article{Rosenzweig1933,
  title = {The experimental situation as a psychological problem},
  author = {Rosenzweig, S.},
  date = {1933},
  journaltitle = {Psychological Review},
  volume = {40},
  pages = {337--354},
  doi = {10.1037/h0074916},
  number = {4}
}

@article{Traxler2020,
  title = {Trial and error (-{{related}} negativity): {{An}} odyssey of integrating different experimental paradigms},
  author = {Traxler, J. and Philips, R.V. and family=Leupoldt, given=A., prefix=von, useprefix=true and Vlaeyen, J.W.S.},
  date = {2020},
  journaltitle = {Journal of Trial and Error},
  volume = {1},
  pages = {27--38},
  doi = {10.36850/e2},
  keywords = {⛔ No DOI found},
  number = {1}
}


