%% LaTeX2e file `bibliography.bib'
%% generated by the `filecontents' environment
%% from source `main' on 2023/09/07.
%%
 @article{Anderson2016,
    title       = {{INTERGROWTH}-21st vs customized birthweight standards for identification of perinatal mortality and morbidity},
    author      = {Anderson, N. H. and Sadler, L. C. and McKinlay, C. J. D. and McCowan, L. M. E.},
    number      = {4},
    volume      = {214},
    date        = {2016},
    pages       = {509 1--509 7},
    journal     = {American Journal of Obstetrics and Gynecology}
}


@article{Barker2006,
    title       = {Adult consequences of fetal growth restriction},
    author      = {Barker, D.},
    volume      = {49},
    date        = {2006},
    pages       = {270--83},
    journal     = {Clinical Obstetrics and Gynecology}
}


@article{Benjamini1995,
    title       = {Controlling the false discovery rate: {A} practical and powerful approach to multiple testing},
    author      = {Benjamini, Y. and Hochberg, Y.},
    number      = {1},
    volume      = {57},
    date        = {1995},
    pages       = {289--300},
    journal     = {Journal of the Royal Statistical Society: Series B (Methodological}
}


@article{Burton2018,
    title       = {Pathophysiology of placental-derived fetal growth restriction},
    author      = {Burton, G. J. and Jauniaux, E.},
    number      = {2},
    volume      = {218},
    url         = {https://doi.org/10.1016/j.ajog.2017.11.577},
    doi         = {10.1016/j.ajog.2017.11.577},
    date        = {2018},
    pages       = {745-- 761},
    journal     = {American Journal of Obstetrics and Gynecology}
}


@article{Chen2012,
    title       = {Epigenetic mechanisms in developmental programming of adult disease},
    author      = {Chen, M. and Zhang, L.},
    volume      = {16},
    date        = {2012},
    pages       = {1007--1018},
    journal     = {Drugs Discovery Today}
}


@article{Demicheva2014,
    title       = {Long-term follow-up of intrauterine growth restriction: {C}ardiovascular disorders},
    author      = {Demicheva, E. and Crispi, F.},
    number      = {2},
    volume      = {36},
    date        = {2014},
    pages       = {143--153},
    journal     = {Fetal Diagnosis and Therapy}
}


@article{Dötsch2016,
    title       = {Perinatal programming of renal function},
    author      = {Dötsch, J. and Alejandre-Alcazar, M. and Janoschek, R. and Nüsken, E. and Weber, L. T. and Nüsken, K. D.},
    number      = {2},
    volume      = {28},
    url         = {https://doi.org/10.1097/MOP.0000000000000312},
    doi         = {10.1097/MOP.0000000000000312},
    date        = {2016},
    pages       = {188--194},
    journal     = {Current Opinion in Pediatrics}
}


@article{ElChami2012,
    title       = {Immune and inflammatory mechanisms in pulmonary arterial hypertension},
    author      = {El Chami, H. and Hassoun, P.},
    number      = {2},
    volume      = {55},
    url         = {https://doi.org/10.1038/jid.2014.371},
    doi         = {10.1038/jid.2014.371},
    date        = {2012},
    pages       = {218--228},
    journal     = {Progress in Cardiovascular Diseases}
}


@article{George2011,
    title       = {Mechanisms and potential therapies for preeclampsia},
    author      = {George, E. M. and Granger, J. P.},
    number      = {4},
    volume      = {13},
    date        = {2011},
    pages       = {269--275},
    journal     = {Current Hypertension Reports}
}


@article{George2013,
    title       = {Sildenafil attenuates placental ischemia-induced hypertension},
    author      = {George, E. M. and Palei, A. C. and Dent, E. A. and Granger, J. P.},
    number      = {4},
    volume      = {305},
    date        = {2013},
    pages       = {397--403},
    journal     = {American Journal of Physiology. Regulatory, Integrative and Comparative Physiology}
}


@article{Gillis2016,
    title       = {Sildenafil treatment ameliorates the maternal syndrome of preeclampsia and rescues fetal growth in the Dahl salt-sensitive rat},
    author      = {Gillis, E. E. and Mooney, J. N. and Garrett, M. R. and Granger, J. P. and Sasser, J. M.},
    number      = {3},
    volume      = {67},
    date        = {2016},
    pages       = {647--653},
    journal     = {Hypertension}
}


@article{Gjerde2020,
    title       = {Intrauterine growth restriction, preterm birth and risk of end-stage renal disease during the first 50 years of life},
    author      = {Gjerde, A. and Lilla, B. S. and Marti, H. and Reisæter, A. V. and Vikse, B. E.},
    number      = {7},
    volume      = {35},
    date        = {2020},
    pages       = {1157--1163},
    journal     = {Nephrology Dialysis Transplantation}
}


@article{Groom2019,
    title       = {{STRIDER} {NZA}us: {A} multicentre randomised controlled trial of sildenafil therapy in early-onset fetal growth restriction},
    author      = {Groom, K. and McCowan, L. M. and Mackay, L. K. and Lee, A. C. and Gardener, G. and Unterscheider, J. and Sekar, R. and Dickinson, J. E. and Muller, P. and Reid, R. A. and Watson, D. and Welsh, A. and Marlow, J. and Walker, S. P. and Hyett, J. and Morris, J. and Stone, P. R. and Baker, P. N.},
    number      = {8},
    volume      = {126},
    date        = {2019},
    pages       = {997--1006},
    journal     = {BJOG}
}


@book{Hartman2020,
    title       = {Intrinsic transcriptomic sex differences in human endothelial cells at birth and in adults are associated with coronary artery disease targets},
    author      = {Hartman, R. J. G. and Kapteijn, D. M. C. and Haitjema, S. and Bekker, M. N. and Mokry, M. and Pasterkamp, G. and Civelek, M. and Ruijter, H. M. Den},
    publisher   = {Scientific Reports},
    date        = {2020},
    pages       = {1--12}
}


@article{Henriksen2002,
    title       = {The fetal origins hypothesis: placental insufficiency and inheritance versus maternal malnutrition in well-nourished populations},
    author      = {Henriksen, T. and Clausen, T.},
    number      = {2},
    volume      = {81},
    date        = {2002},
    pages       = {112--114},
    journal     = {Acta Obstetricia et Gynecologica Scandinavica}
}


@article{Herrera2017,
    title       = {N-Acetylcysteine, a glutathione precursor, reverts vascular dysfunction and endothelial epigenetic programming in intrauterine growth restricted guinea pigs},
    author      = {Herrera, E. A. and Cifuentes-Zúñiga, F. and Figueroa, E. and Villanueva, C. and Hernández, C. and Alegría, R. and Arroyo-Jousse, V. and Penaloza, E. and Farias, M. and Uauy, R. and Casanello, P. and Krause, B. J.},
    number      = {4},
    volume      = {595},
    date        = {2017},
    pages       = {1077--1092},
    journal     = {The Journal of Physiology}
}


@article{Itani2017,
    title       = {Sildenafil therapy for fetal cardiovascular dysfunction during hypoxic development: studies in the chick embryo},
    author      = {Itani, N. and Skeffington, K. L. and Beck, C. and Giussani, D. A.},
    number      = {5},
    volume      = {595},
    date        = {2017},
    pages       = {1563--1573},
    journal     = {Journal of Physiology}
}


@article{Kniotek2017,
    title       = {Sildenafil can affect innate and adaptive immune system in both experimental animals and patients},
    author      = {Kniotek, M. and Boguska, A.},
    date        = {2017},
    pages       = {4541958},
    journal     = {Journal of Immunology Research}
}


@article{Kobayashi2004,
    title       = {Increased levels of circulating adhesion molecules in neonates with congenital diaphragmatic hernia complicated by persistent pulmonary hypertension},
    author      = {Kobayashi, H. and Yamataka, A. and Okazaki, T. and Lane, G. J. and Puri, P. and Miyano, T.},
    number      = {1},
    volume      = {20},
    url         = {https://doi.org/10.1007/s00383-003-1072-8},
    doi         = {10.1007/s00383-003-1072-8},
    date        = {2004},
    pages       = {19--23},
    journal     = {Pediatric Surgery International}
}


@article{Kooiman2020,
    title       = {Conflicting effects of fetal growth restriction on blood pressure between human and rat offspring},
    author      = {Kooiman, J. and Terstappen, F. and van Wagensveld, L. and Franx, A. and Wever, K. E. and Roseboom, T. J. and Joles, J. A. and Gremmels, H. and Lely, A. T.},
    number      = {3},
    volume      = {75},
    date        = {2020},
    pages       = {806--818},
    journal     = {Hypertension}
}


@article{Krause2011,
    title       = {Role of nitric oxide in placental vascular development and function},
    author      = {Krause, B. J. and Hanson, M. A. and Casanello, P.},
    number      = {11},
    volume      = {32},
    date        = {2011},
    pages       = {797--805},
    journal     = {Placenta}
}


@article{Kuebler2018,
    title       = {Inflammation and autoimmunity in pulmonary hypertension: is there a role for endothelial adhesion molecules?},
    author      = {Kuebler, W. M. and Bonnet, S. and Tabuchi, A.},
    number      = {2},
    volume      = {8},
    url         = {https://doi.org/10.1177/2045893218757596},
    doi         = {10.1177/2045893218757596},
    date        = {2018},
    journal     = {Pulmonary Circulation}
}


@article{Liberzon2016,
    author      = {Liberzon, A. and Birger, C. and Ghandi, M. and Jill, P. and Tamayo, P. and Jolla, L. and Jolla, L.},
    number      = {6},
    volume      = {1},
    date        = {2016},
    pages       = {417--425},
    journal     = {MSigDB H collection}
}


@article{Luna2015,
    title       = {Sildenafil (Viagra®) blocks inflammatory injury in {LPS}-induced mouse abortion: {A} potential prophylactic treatment against acute pregnancy loss?},
    author      = {Luna, R. L. and Nunes, A. K. S. and Oliveira, A. G. V. and Araujo, S. M. R. and Lemos, A. J. J. M. and Rocha, S. W. S. and Croy, B. A. and Peixoto, C. A.},
    number      = {10},
    volume      = {36},
    date        = {2015},
    pages       = {1122--1129},
    journal     = {Placenta}
}


@article{Luo2019,
    title       = {Effects of n-acetyl-cysteine supplementation in late gestational diet on maternal-placental redox status, placental {NLRP3} inflammasome, and fecal microbiota in sows},
    author      = {Luo, Z. and Xu, X. and Sho, T. and Luo, W. and Zhang, J. and Xu, W. and Yao, J. and Xu, J.},
    number      = {4},
    volume      = {97},
    date        = {2019},
    pages       = {1757--1771},
    journal     = {Journal of Animal Science}
}


@article{Malhotra2019,
    title       = {Neonatal morbidities of fetal growth restriction: {P}athophysiology and impact},
    author      = {Malhotra, A. and Allison, B. and Castillo-Melendez, M. and Jenkin, G. and Polglase, G. and Miller, S.},
    number      = {55},
    volume      = {10},
    date        = {2019},
    journal     = {Frontiers in Endocrinology}
}


@article{Man2020,
    title       = {Renal effects of fetal reprogramming with pentaerythritol tetranitrate in spontaneously hypertensive rats},
    author      = {Man, A. W. C. and Chen, M. and Wu, Z. and Reifenberg, G. and Daiber, A. and Münzel, T. and Xia, N. and Li, H.},
    number      = {April},
    volume      = {11},
    date        = {2020},
    pages       = {1--13},
    journal     = {Frontiers in Pharmacology}
}


@article{Mills2018,
    title       = {Effect of sildenafil citrate treatment in the e{NOS} knockout mouse model of fetal growth restriction on long-term cardiometabolic outcomes in male offspring},
    author      = {Mills, V. and Plows, J. F. and Zhao, H. and Oyston, C. and Vickers, M. H. and Baker, P. N. and Stanley, J. L.},
    number      = {September},
    volume      = {137},
    date        = {2018},
    pages       = {122--134},
    journal     = {Pharmacological Research}
}


@article{Nüsken2020,
    title       = {Altered molecular signatures during kidney development after intrauterine growth restriction of different origins},
    author      = {Nüsken, E. and Fink, G. and Lechner, F. and Voggel, J. and Wohlfarth, M. and Sprenger, L. and Mehdiani, N. and Weber, L. T. and Liebau, M. C. and Brachvogel, B. and Dotsch, J. and Nüsken, K. D.},
    number      = {3},
    volume      = {98},
    url         = {https://doi.org/10.1007/s00109-020-01875-1},
    doi         = {10.1007/s00109-020-01875-1},
    date        = {2020},
    pages       = {395--407},
    journal     = {Journal of Molecular Medicine}
}


@article{Oyston2015,
    title       = {Potential targets for the treatment of preeclampsia},
    author      = {Oyston, C. J. and Stanley, J. L. and Baker, P. N.},
    number      = {11},
    volume      = {19},
    date        = {2015},
    pages       = {1517--1530},
    journal     = {Expert Opinion on Therapeutic Targets}
}


@article{Paauw2017,
    title       = {Sildenafil during pregnancy: {A} preclinical meta-analysis on fetal growth and maternal blood pressure},
    author      = {Paauw, N. D. and Terstappen, F. and Ganzevoort, W. and Joles, J. A. and Gremmels, H. and Lely, A. T.},
    number      = {5},
    volume      = {70},
    date        = {2017},
    pages       = {998--1006},
    journal     = {Hypertension}
}


@article{Paauw2016,
    title       = {Pregnancy as a critical window for blood pressure regulation in mother and child: programming and reprogramming},
    author      = {Paauw, N. D. and van Rijn, B. B. and Lely, A. T. and Joles, J. A.},
    number      = {1},
    volume      = {219},
    date        = {2016},
    pages       = {241--259},
    journal     = {Acta Physiologica}
}


@article{Pels2020,
    title       = {Maternal sildenafil vs placebo for severe early-onset fetal growth restriction: {A} randomized clinical trial},
    author      = {Pels, A. and Derks, J. and Elvan-Taspinar, A. and van Drongelen, J. and de Boer, M. and Duvekot, J. and van Laar, J. and van yck, J. and Al-Nasiry, S. and Sueters, M. and Post, M. and Onland, W. and van Wassenaer-Leemhuis, A. and Naaktgeboren, C. and Jakobsen, J. C. and Gluud, C. and Duijnhoven, R. G. and Lely, T. and Gordijn, S. and Group, Dutch S. T. R. I. D. E. R. Trial},
    volume      = {6},
    date        = {2020},
    pages       = {1--14},
    journal     = {JAMA Network Open}
}


@article{Pels2017,
    title       = {{STRIDER} (Sildenafil TheRapy in dismal prognosis early onset fetal growth restriction): an international consortium of randomised placebo-controlled trials},
    author      = {Pels, A. and Kenny, L. C. and Alfirevic, Z. and Baker, P. N. and von Dadelszen, P. and Gluud, C. and Kariya, C. T. and Mol, B. W. and Papageorghiou, A. T. and van Wassenaer-Leemhuis, A. G. and Ganzevoort, W. and Groom, K. M. and international STRIDER Consortium},
    number      = {440},
    volume      = {17},
    date        = {2017},
    pages       = {1--8},
    journal     = {BMC Pregnancy Childbirth}
}


@article{Rafikov2019,
    title       = {Gender difference in damage-mediated signaling contributes to pulmonary arterial hypertension},
    author      = {Rafikov, R. and Nair, V. and Sinari, S. and Babu, H. and Sullivan, J. C. and Yuan, J. X. J. and Desai, A. A. and Rafikova, O.},
    number      = {13},
    volume      = {31},
    url         = {https://doi.org/10.1089/ars.2018.7664},
    doi         = {10.1089/ars.2018.7664},
    date        = {2019},
    pages       = {917--932},
    journal     = {Antioxidants and Redox Signaling}
}


@article{Ribaudo2016,
    title       = {New therapeutic applications of phosphodiesterase 5 inhibitors ({PDE5}-Is},
    author      = {Ribaudo, G. and Angelo Pagano, M. and Bova, S. and Zagotto, G.},
    number      = {12},
    volume      = {23},
    date        = {2016},
    pages       = {1239--1249},
    journal     = {Current Medicinal Chemistry}
}


@article{Robinson2010,
    title       = {edgeR: a Bioconductor package for differential expression analysis of digital gene expression data},
    author      = {Robinson, M. D. and McCarthy, D. J. and Smyth, G. K.},
    number      = {1},
    volume      = {26},
    place       = {Bioinformatics (Oxford, England},
    date        = {2010},
    pages       = {139--40}
}


@article{Sehgal2020,
    title       = {Fetal growth restriction and hypertension in the offspring: {M}echanistic links and therapeutic directions},
    author      = {Sehgal, A. and Alexander, B. T. and Morrison, J. L. and South, A. M.},
    volume      = {224},
    date        = {2020},
    pages       = {115--123},
    journal     = {The Journal of Pediatrics}
}


@article{Sharp2018,
    title       = {Maternal sildenafil for severe fetal growth restriction ({STRIDER}): a multicentre, randomised, placebo-controlled, double-blind trial},
    author      = {Sharp, A. and Cornforth, C. and Jackson, R. and Harrold, J. and Turner, M. A. and Kenny, L. C. and N., Baker P. and Johnstone, E. D. and Khalil, A. and von Dadelszen, P. and Papageorghiou, A. T. and Alfirevic, Z. and group, S. T. R. I. D. E. R.},
    number      = {2},
    volume      = {2},
    date        = {2018},
    pages       = {93--102},
    journal     = {The Lancet Child and Adolescent Health}
}


@article{Shue2014,
    title       = {Antenatal maternally-administered phosphodiesterase type 5 inhibitors normalize e{NOS} expression in the fetal lamb model of congenital diaphragmatic hernia},
    author      = {Shue, E. H. and Schecter, S. C. and Gong, W. and Etemadi, M. and Johengen, M. and Iqbal, C. and Derderian, S. C. and Oishi, P. and Fineman, J. R. and Miniati, D.},
    number      = {1},
    volume      = {49},
    date        = {2014},
    pages       = {39--45},
    journal     = {Journal of Pediatric Surgery}
}


@article{Sundrani2017,
    title       = {Sex-specific differences and developmental programming for diseases in later life},
    author      = {Sundrani, D. and Roy, S. and Jadhav, A. and Joshi, S.},
    volume      = {29},
    date        = {2017},
    pages       = {2085--2099},
    journal     = {Reproduction, F}
}


@article{Terstappen2020,
    title       = {Developmental programming in human umbilical cord vein endothelial cells following fetal growth restriction},
    author      = {Terstappen, F. and Calis, J. J. A. and Paauw, N. D. and Joles, J. A. and van Rijn, B. B. and Mokry, M. and Plosch, T. and Lely, A. T.},
    number      = {1},
    volume      = {12},
    date        = {2020},
    pages       = {185},
    journal     = {Clinical Epigenetics}
}


@article{Terstappen2019,
    title       = {Prenatal sildenafil therapy improves cardiovascular function in fetal growth restricted offspring of dahl salt-sensitive rats},
    author      = {Terstappen, F. and Spradley, F. T. and Bakrania, B. A. and Clarke, S. M. and Joles, J. A. and Paauw, N. D. and Garrett, M. R. and Lely, A. T. and Sasser, J. M.},
    number      = {5},
    volume      = {73},
    date        = {2019},
    pages       = {1120--1127},
    journal     = {Hypertension}
}


@article{Turbeville2020,
    title       = {Sildenafil citrate does not reprogram risk of hypertension and chronic kidney disease in offspring of preeclamptic pregnancies in the Dahl {SS}/Jr rat},
    author      = {Turbeville, H. R. and Johnson, A. C. and Garrett, M. R. and Sasser, J. M.},
    number      = {6},
    volume      = {1},
    url         = {https://doi.org/10.34067/kid.0001062020},
    doi         = {10.34067/kid.0001062020},
    date        = {2020},
    pages       = {510--520},
    journal     = {Kidney360}
}


@article{VonDadelszen2011,
    title       = {Sildenafil citrate therapy for severe early-onset intrauterine growth restriction},
    author      = {Von Dadelszen, P. and Dwinnell, S. and Magee, L.a and Carleton, B. C. and Gruslin, A. and Lee, B. and Lim, K. I. and Liston, R. M. and Miller, S. P. and Rurak, D. and Sherlock, R. L. and Skoll, M. A. and Wareing, M. M. and Baker, P. N.},
    number      = {5},
    volume      = {P. N},
    date        = {2011},
    pages       = {624--628},
    journal     = {Research into Advanced Fetal Diagnosis and Therapy Group Baker}
}


@article{Wareing2006,
    title       = {Phosphodiesterase-5 inhibitors and omental and placental small artery function in normal pregnancy and pre-eclampsia},
    author      = {Wareing, M. and Myers, J. E. and O'Hara, M. and Kenny, L. C. and Taggart, M. J. and Skillern, L. and Machin, I. and Baker, P. N.},
    number      = {1},
    volume      = {127},
    date        = {2006},
    pages       = {41--49},
    journal     = {European Journal of Obstetrics, Gynecology, and Reproductive Biology}
}


@article{White2009,
    title       = {Is low birth weight an antecedent of {CKD} in later life? A systematic review of observational studies},
    author      = {White, S. L. and Perkovic, V. and Cass, A. and Chang, C. L. and Poulter, N. R. and Spector, T. and Haysom, L. and Craig, J. C. and Al Salmi, I. and Chadban, S. J. and Huxley, R. R.},
    number      = {2},
    volume      = {54},
    date        = {2009},
    pages       = {248--261},
    journal     = {American Journal of Kidney Diseases}
}


@article{Wu2012,
    title       = {Camera: a competitive gene set test accounting for inter-gene correlation},
    author      = {Wu, D. and Smyth, G. K.},
    number      = {17},
    volume      = {40},
    date        = {2012},
    pages       = {133},
    journal     = {Nucleic Acids Research}
}


@article{Wu2015,
    title       = {Maternal treatment of spontaneously hypertensive rats with pentaerythritol tetranitrate reduces blood pressure in female offspring},
    author      = {Wu, Z. and Siuda, D. and Xia, N. and Reifenberg, G. and Daiber, A. and Munzel, T. and Fostermann, U. and Li, H.},
    number      = {1},
    volume      = {65},
    date        = {2015},
    pages       = {232--237},
    journal     = {Hypertension}
}
