%% LaTeX2e file `bibliography.bib'
%% generated by the `filecontents' environment
%% from source `main' on 2024/04/08.
%%
 @article{Antony1998,
    title       = {Psychometric properties of the 42-item and 21-item versions of the Depression Anxiety Stress Scales in clinical groups and a community sample},
    author      = {Antony, M. M. and Bieling, P. J. and Cox, B. J. and Enns, M. W. and Swinson, R. P.},
    number      = {2},
    volume      = {10},
    url         = {https://doi.org/10.1037/1040-3590.10.2.176},
    doi         = {10.1037/1040-3590.10.2.176},
    date        = {1998},
    pages       = {176},
    journal     = {Psychological Assessment}
}


@inproceedings{Baltrusaitis2018,
    title       = {OpenFace 2.0: {F}acial Behavior Analysis Toolkit},
    author      = {Baltrusaitis, T. and Zadeh, A. and Lim, Y. C. and Morency, L.-P.},
    url         = {https://doi.org/10.1109/FG.2018.00019},
    doi         = {10.1109/FG.2018.00019},
    date        = {2018},
    pages       = {59--66},
    booktitle     = {2018 13th IEEE International Conference on Automatic Face Gesture Recognition (FG 2018}
}


@article{Barrett2006,
    title       = {Are Emotions Natural Kinds?},
    author      = {Barrett, L. F.},
    number      = {1},
    volume      = {1},
    url         = {https://doi.org/10.1111/j.1745-6916.2006.00003.x},
    doi         = {10.1111/j.1745-6916.2006.00003.x},
    date        = {2006},
    pages       = {28--58},
    journal     = {Perspectives on Psychological Science}
}


@article{Barrett2019,
    title       = {Emotional Expressions Reconsidered: {C}hallenges to Inferring Emotion From Human Facial Movements},
    author      = {Barrett, L. F. and Adolphs, R. and Marsella, S. and Martinez, A. M. and Pollak, S. D.},
    number      = {1},
    volume      = {20},
    url         = {https://doi.org/10.1177/1529100619832930},
    doi         = {10.1177/1529100619832930},
    date        = {2019},
    pages       = {1},
    journal     = {Psychological Science in the Public Interest}
}


@article{Buysse1989,
    title       = {The Pittsburgh sleep quality index: {A} new instrument for psychiatric practice and research},
    author      = {Buysse, D. J. and Reynolds, C. F. and Monk, T. H. and Berman, S. R. and Kupfer, D. J.},
    number      = {2},
    volume      = {28},
    url         = {https://doi.org/10.1016/0165-1781(89)90047-4},
    doi         = {10.1016/0165-1781(89)90047-4},
    date        = {1989},
    pages       = {193--213},
    journal     = {Psychiatry Research}
}


@article{Byrne2021,
    title       = {Using mobile sensing data to assess stress: {A}ssociations with perceived and lifetime stress, mental health, sleep, and inflammation},
    author      = {Byrne, M. L. and Lind, M. N. and Horn, S. R. and Mills, K. L. and Nelson, B. W. and Barnes, M. L. and Slavich, G. M. and Allen, N. B.},
    volume      = {7},
    url         = {https://doi.org/10.1177/20552076211037227},
    doi         = {10.1177/20552076211037227},
    date        = {2021},
    pages       = {20552076211037227},
    journal     = {DIGITAL HEALTH}
}


@article{Cohen1992,
    title       = {A Power Primer},
    author      = {Cohen, J.},
    number      = {1},
    volume      = {112},
    date        = {1992},
    pages       = {155--159},
    journal     = {Psychological Bulletin}
}


@article{Cohen1983,
    title       = {A Global Measure of Perceived Stress},
    author      = {Cohen, S. and Kamarck, T. and Mermelstein, R.},
    number      = {4},
    volume      = {24},
    url         = {https://doi.org/10.2307/2136404},
    doi         = {10.2307/2136404},
    date        = {1983},
    pages       = {385--396},
    journal     = {Journal of Health and Social Behavior}
}


@article{Comscore2016,
    title       = {Comscore Reports January 2016 U.S. Smartphone Subscriber Market Share},
    author      = {{Comscore}},
    url         = {https://www.comscore.com/Insights/Rankings/comScore-Reports-January-2016-US-Smartphone-Subscriber-Market-Share},
    date        = {2016-03-03}
}


@article{Crivelli2017,
    title       = {Recognizing spontaneous facial expressions of emotion in a small-scale society of Papua New Guinea},
    author      = {Crivelli, C. and Russell, J. A. and Jarillo, S. and Fernández-Dols, J.-M.},
    volume      = {17},
    url         = {https://doi.org/10.1037/emo0000236},
    doi         = {10.1037/emo0000236},
    date        = {2017},
    pages       = {337--347},
    journal     = {Emotion}
}


@article{Deeb-Swihart2017,
    title       = {Selfie-Presentation in Everyday Life: {A} Large-Scale Characterization of Selfie Contexts on Instagram},
    author      = {Deeb-Swihart, J. and Polack, C. and Gilbert, E. and Essa, I.},
    number      = {1},
    volume      = {11},
    url         = {https://doi.org/10.1609/icwsm.v11i1.14896},
    doi         = {10.1609/icwsm.v11i1.14896},
    date        = {2017},
    pages       = {42--51},
    journal     = {Proceedings of the International AAAI Conference on Web and Social Media}
}


@book{Duval1972,
    title       = {A theory of objective self awareness},
    author      = {Duval, S. and Wicklund, R. A.},
    publisher   = {Academic Press},
    date        = {1972},
    pages       = {, 238}
}


@article{Ekman1993,
    title       = {Facial expression and emotion},
    author      = {Ekman, P.},
    number      = {4},
    volume      = {48},
    url         = {https://doi.org/10.1037/0003-066X.48.4.384},
    doi         = {10.1037/0003-066X.48.4.384},
    date        = {1993},
    pages       = {384},
    journal     = {American Psychologist}
}


@article{Ekman2016,
    title       = {What Scientists Who Study Emotion Agree About},
    author      = {Ekman, P.},
    number      = {1},
    volume      = {11},
    url         = {https://doi.org/10.1177/1745691615596992},
    doi         = {10.1177/1745691615596992},
    date        = {2016},
    pages       = {31--34},
    journal     = {Perspectives on Psychological Science}
}


@article{Ekman1971,
    title       = {Constants across cultures in the face and emotion},
    author      = {Ekman, P. and Friesen, W. V.},
    number      = {2},
    volume      = {17},
    url         = {https://doi.org/10.1037/h0030377},
    doi         = {10.1037/h0030377},
    date        = {1971},
    pages       = {124--129},
    journal     = {Journal of Personality and Social Psychology}
}


@article{Ekman1982,
    title       = {Felt, false, and miserable smiles},
    author      = {Ekman, P. and Friesen, W. V.},
    number      = {4},
    volume      = {6},
    url         = {https://doi.org/10.1007/BF00987191},
    doi         = {10.1007/BF00987191},
    date        = {1982},
    pages       = {238--252},
    journal     = {Journal of Nonverbal Behavior}
}


@book{Fridlund1994,
    title       = {Human Facial Expression: {A}n Evolutionary View},
    author      = {Fridlund, A. J.},
    publisher   = {Academic Press},
    date        = {1994}
}


@article{Gendron2018,
    title       = {Universality Reconsidered: {D}iversity in Making Meaning of Facial Expressions},
    author      = {Gendron, M. and Crivelli, C. and Barrett, L. F.},
    number      = {4},
    volume      = {27},
    url         = {https://doi.org/10.1177/0963721417746794},
    doi         = {10.1177/0963721417746794},
    date        = {2018},
    pages       = {211--219},
    journal     = {Current Directions in Psychological Science}
}


@article{Godoy2005,
    title       = {Do smiles have a face value? Panel evidence from Amazonian Indians},
    author      = {Godoy, R. and Reyes-García, V. and Huanca, T. and Tanner, S. and Leonard, W. R. and McDade, T. and Vadez, V.},
    number      = {4},
    volume      = {26},
    url         = {https://doi.org/10.1016/j.joep.2004.10.004},
    doi         = {10.1016/j.joep.2004.10.004},
    date        = {2005},
    pages       = {4},
    journal     = {Journal of Economic Psychology}
}


@article{Götz2017,
    title       = {Users of the main smartphone operating systems (i{OS}, Android) differ only little in personality},
    author      = {Götz, F. M. and Stieger, S. and Reips, U.-D.},
    number      = {5},
    volume      = {12},
    url         = {https://doi.org/10.1371/journal.pone.0176921},
    doi         = {10.1371/journal.pone.0176921},
    date        = {2017},
    pages       = {0176921},
    journal     = {PLOS ONE}
}


@inproceedings{Grammatikopoulou2019,
    title       = {Detecting hypomimia symptoms by selfie photo analysis: {F}or early Parkinson disease detection},
    author      = {Grammatikopoulou, A. and Grammalidis, N. and Bostantjopoulou, S. and Katsarou, Z.},
    url         = {https://doi.org/10.1145/3316782.3322756},
    doi         = {10.1145/3316782.3322756},
    date        = {2019},
    pages       = {517--522},
    booktitle     = {Proceedings of the 12th ACM International Conference on PErvasive Technologies Related to Assistive Environments}
}


@article{Green2013,
    author      = {Green, K.},
    url         = {http://gunshowcomic.com/648},
    date        = {2013}
}


@article{Kachur2020,
    title       = {Assessing the Big Five personality traits using real-life static facial images},
    author      = {Kachur, A. and Osin, E. and Davydov, D. and Shutilov, K. and Novokshonov, A.},
    number      = {1},
    volume      = {10},
    url         = {https://doi.org/10.1038/s41598-020-65358-6},
    doi         = {10.1038/s41598-020-65358-6},
    date        = {2020},
    pages       = {1},
    journal     = {Scientific Reports}
}


@article{Lee2012,
    title       = {Review of the Psychometric Evidence of the Perceived Stress Scale},
    author      = {Lee, E.-H.},
    number      = {4},
    volume      = {6},
    url         = {https://doi.org/10.1016/j.anr.2012.08.004},
    doi         = {10.1016/j.anr.2012.08.004},
    date        = {2012},
    pages       = {121--127},
    journal     = {Asian Nursing Research}
}


@article{Lind2018,
    title       = {The Effortless Assessment of Risk States ({EARS}) Tool: {A}n Interpersonal Approach to Mobile Sensing},
    author      = {Lind, M. N. and Byrne, M. L. and Wicks, G. and Smidt, A. M. and Allen, N. B.},
    number      = {3},
    volume      = {5},
    url         = {https://doi.org/10.2196/10334},
    doi         = {10.2196/10334},
    date        = {2018},
    journal     = {JMIR Mental Health}
}


@article{Lovibond1995,
    title       = {The structure of negative emotional states: {C}omparison of the Depression Anxiety Stress Scales ({DASS}) with the Beck Depression and Anxiety Inventories},
    author      = {Lovibond, P. F. and Lovibond, S. H.},
    number      = {3},
    volume      = {33},
    url         = {https://doi.org/10.1016/0005-7967(94)00075-U},
    doi         = {10.1016/0005-7967(94)00075-U},
    date        = {1995},
    journal     = {Behaviour Research and Therapy}
}


@article{Mayo2019,
    title       = {In the face of stress: {I}nterpreting individual differences in stress-induced facial expressions},
    author      = {Mayo, L. M. and Heilig, M.},
    volume      = {10},
    url         = {https://doi.org/10.1016/j.ynstr.2019.100166},
    doi         = {10.1016/j.ynstr.2019.100166},
    date        = {2019},
    pages       = {100166},
    journal     = {Neurobiology of Stress}
}


@article{Qiu2015,
    title       = {What does your selfie say about you?},
    author      = {Qiu, L. and Lu, J. and Yang, S. and Qu, W. and Zhu, T.},
    volume      = {52},
    url         = {https://doi.org/10.1016/j.chb.2015.06.032},
    doi         = {10.1016/j.chb.2015.06.032},
    date        = {2015},
    pages       = {443--449},
    journal     = {Computers in Human Behavior}
}


@article{Rychlowska2017,
    title       = {Functional Smiles: {T}ools for Love, Sympathy, and War},
    author      = {Rychlowska, M. and Jack, R. E. and Garrod, O. G. B. and Schyns, P. G. and Martin, J. D. and Niedenthal, P. M.},
    number      = {9},
    volume      = {28},
    url         = {https://doi.org/10.1177/0956797617706082},
    doi         = {10.1177/0956797617706082},
    date        = {2017},
    pages       = {9},
    journal     = {Psychological Science}
}


@article{Siegal2017,
    title       = {Android continues to increase its sizable lead over i{OS} in the {US}},
    author      = {Siegal, J.},
    url         = {https://bgr.com/tech/android-vs-ios-market-share-2017-q2/},
    date        = {2017-07-20},
    journal     = {BGR}
}


@article{Slavich2018,
    title       = {Assessing Lifetime Stress Exposure Using the Stress and Adversity Inventory for Adults (Adult {STRAIN}): {A}n Overview and Initial Validation},
    author      = {Slavich, G. M. and Shields, G. S.},
    number      = {1},
    volume      = {80},
    url         = {https://doi.org/10.1097/PSY.0000000000000534},
    doi         = {10.1097/PSY.0000000000000534},
    date        = {2018},
    pages       = {17--27},
    journal     = {Psychosomatic Medicine}
}


@article{Zunhammer2013,
    title       = {Somatic Symptoms Evoked by Exam Stress in University Students: {T}he Role of Alexithymia, Neuroticism, Anxiety and Depression},
    author      = {Zunhammer, M. and Eberle, H. and Eichhammer, P. and Busch, V.},
    number      = {12},
    volume      = {8},
    url         = {https://doi.org/10.1371/journal.pone.0084911},
    doi         = {10.1371/journal.pone.0084911},
    date        = {2013},
    pages       = {84911},
    journal     = {PLOS ONE}
}
