
@article{Corti2015,
  title = {The Researcher as Experimental Subject: Using Self-Experimentation to Access Experiences, Understand Social Phenomena, and Stimulate Reflexivity},
  author = {Corti, K. and Reddy, G. and Choi, E. and Gillespie, A.},
  date = {2015},
  journaltitle = {Integrative Psychological and Behavioral Science},
  volume = {49},
  number = {2},
  pages = {288--308},
  doi = {10.1007/s12124-015-9294-6}
}

@book{Creswell2018,
  title = {Research Design: Qualitative, Quantitative, and Mixed Methods Approaches},
  author = {Creswell, J.W. and Creswell, J.D.},
  date = {2018},
  publisher = {{Sage}},
  location = {{London}}
}

@article{Gassmann2001,
  title = {Multicultural Teams: Increasing Creativity and Innovation by Diversity},
  author = {Gassmann, O.},
  date = {2001},
  journaltitle = {Creativity and Innovation Management},
  volume = {10},
  number = {2},
  pages = {88--95},
  doi = {10.1111/1467-8691.00206}
}

@article{Gillespie2013,
  title = {Meaning Making in Motion: Bodies and Minds Moving through Institutional and Semiotic Structures},
  author = {Gillespie, A. and Zittoun, T.},
  date = {2013},
  journaltitle = {Culture \& Psychology},
  volume = {19},
  number = {4},
  pages = {518--532},
  doi = {10.1177/1354067x13500325}
}

@article{Glaveanu2015,
  title = {Creativity as a Sociocultural Act},
  author = {Glăveanu, V.P.},
  date = {2015},
  journaltitle = {Journal of Creative Behavior},
  volume = {49},
  number = {3},
  pages = {165--180},
  doi = {10.1002/jocb.94}
}

@article{Glaveanu2019,
  title = {Are People Working Together Inclined towards Practicality? A Process Analysis of Creative Ideation in Individuals and Dyads},
  author = {Glăveanu, V.P. and Gillespie, A. and Karwowski, M.},
  date = {2019},
  journaltitle = {Psychology of Aesthetics, Creativity, and the Arts},
  volume = {13},
  number = {4},
  pages = {388--401},
  doi = {10.1037/aca0000171}
}

@book{Glaveanu2020,
  title = {The Possible: A Sociocultural Theory},
  author = {Glăveanu, V.P.},
  date = {2020},
  publisher = {{Oxford University Press}}
}

@article{Hawlina2019,
  title = {Difficult Differences: A Socio-Cultural Analysis of How Diversity Can Enable and Inhibit Creativity},
  author = {Hawlina, H. and Gillespie, A. and Zittoun, T.},
  date = {2019},
  journaltitle = {The Journal of Creative Behavior},
  volume = {53},
  number = {2},
  pages = {133--144},
  doi = {10.1002/jocb.182}
}

@book{Hutchins1995,
  title = {Cognition in the Wild},
  author = {Hutchins, E.},
  date = {1995},
  publisher = {{MIT press}},
  location = {{Cambridge, MA}}
}

@book{Kahneman2011,
  title = {Thinking, Fast and Slow},
  author = {Kahneman, D.},
  date = {2011},
  publisher = {{Macmillan}}
}

@article{Moscovici1991,
  title = {Experiment and Experience: An Intermediate Step from {{Sherif}} to {{Asch}}},
  author = {Moscovici, S.},
  date = {1991},
  journaltitle = {Journal for the Theory of Social Behaviour},
  volume = {21},
  number = {3},
  pages = {253--268},
  doi = {10.1111/j.1468-5914.1991.tb00197.x}
}

@article{Psaltis2007,
  title = {Conservation and Conversation Types: Forms of Recognition and Cognitive Development},
  author = {Psaltis, C. and Duveen, G.},
  date = {2007},
  journaltitle = {British Journal of Developmental Psychology},
  volume = {25},
  number = {1},
  pages = {79--102},
  doi = {10.1348/026151005x91415}
}

@article{Ross2021,
  title = {Rewilding Cognition: Complex Dynamics in Open Experimental Systems},
  author = {Ross, W. and Vallée-Tourangeau, F.},
  date = {2021},
  journaltitle = {Journal of Trial and Error},
  doi = {10.36850/e4}
}

@article{Vallee-Tourangeau2020b,
  title = {Insight out: Making Creativity Visible},
  author = {Vallée-Tourangeau, F. and March, P.L.},
  date = {2020},
  journaltitle = {The Journal of Creative Behavior},
  volume = {54},
  number = {4},
  pages = {824--842},
  doi = {10.1002/jocb.409}
}

@incollection{Vygotsky1994,
  title = {Tool and Symbol in Child Development},
  booktitle = {{{The Vygotsky Reader}}},
  author = {Vygotsky, L.S. and Luria, A.},
  editor = {Veer, R. and Valsiner, J.},
  date = {1994},
  pages = {99--174},
  location = {{Blackwell}}
}

@book{Zittoun2015,
  title = {Imagination in Human and Cultural Development},
  author = {Zittoun, T. and Gillespie, A.},
  date = {2015},
  publisher = {{Routledge}}
}


