%% LaTeX2e file `bibliography.bib'
%% generated by the `filecontents' environment
%% from source `main' on 2023/10/26.
%%
 @article{Chifa2021,
    title       = {The soundscape of neonatal intensive care: {A} mixed-methods study of the parents},
    author      = {Chifa, M. and Hadar, T. and Politimou, N. and Reynolds, G. and Franco, F.},
    number      = {8},
    volume      = {8},
    url         = {https://doi.org/10.3390/children8080644.},
    doi         = {10.3390/children8080644.},
    date        = {2021},
    pages       = {644}
}


@article{Epstein2022,
    title       = {Israeli parents' lived experiences of music therapy with their preterm infants post-hospitalization},
    author      = {Epstein, S. and Elefant, C. and Ghetti, C.},
    number      = {3},
    volume      = {59},
    url         = {https://doi.org/10.1093/jmt/thac006},
    doi         = {10.1093/jmt/thac006},
    date        = {2022},
    pages       = {239--268},
    journal     = {The Journal of Music Therapy}
}


@article{Hadar2022,
    title       = {What sound does a cat make in Cantonese?‚Äù: {A}dvocating for lingual plurality in music therapy settings. Voices: {A} World Forum for Music Therapy, 22(3},
    author      = {Hadar, T.},
    url         = {https://doi.org/10.15845/voices.v22i3.3483},
    doi         = {10.15845/voices.v22i3.3483},
    date        = {2022}
}


@book{Hadar2023,
    title       = {Singing or playing the flute? Parents' perceptions of two different settings for parent-infant music groups},
    author      = {Hadar, T. and Politimou, N. and Franco, F.},
    url         = {https://doi.org/10.1177/03057356231166759},
    doi         = {10.1177/03057356231166759},
    publisher   = {Psychology of Music},
    date        = {2023}
}


@article{Inhestern2020,
    title       = {Parents' perception of their children's process of reintegration after childhood cancer treatment},
    author      = {Inhestern, L. and Peikert, M. L. and Krauth, K. A. and Escherich, G. and Rutkowski, S. and Kandels, D. and Bergelt, C.},
    number      = {10},
    volume      = {15},
    url         = {https://doi.org/10.1371/journal.pone.0239967},
    doi         = {10.1371/journal.pone.0239967},
    date        = {2020},
    pages       = {0239967-- 0239967},
    journal     = {PloS One}
}


@article{Kobus2021,
    title       = {Parents' perception of family-centered music therapy with stable preterm infants},
    author      = {Kobus, S. and Diezel, M. and Huening, B. and Dewan, M. V. and Felderhoff-Mueser, U. and Bruns, N.},
    number      = {23},
    volume      = {18},
    url         = {https://doi.org/10.3390/ijerph182312813},
    doi         = {10.3390/ijerph182312813},
    date        = {2021},
    pages       = {12813},
    journal     = {International Journal of Environmental Research and Public Health}
}


@article{Lindblad2016,
    title       = {Verbal dialogue in music therapy: {A} hermeneutical analysis of three music therapy sessions. Voices: {A} World Forum for Music Therapy, 16(1},
    author      = {Lindblad, K.},
    url         = {https://doi.org/10.15845/voices.v16i1.842},
    doi         = {10.15845/voices.v16i1.842},
    date        = {2016}
}


@inbook{Perilli2017,
    author      = {Perilli, G. G.},
    publisher   = {Barcelona Publishers},
    date        = {2017},
    booktitle     = {and Evaluation of Narratives in Guided Imagery and Music (GIM}
}


@article{Romani2023,
    title       = {Use of didactic training and feedback to improve quality and acceptability of progress notes written by direct-care staff on a psychiatric inpatient unit},
    author      = {Romani, P. W. and Ladyga, R. and McCleary, M.},
    number      = {2},
    volume      = {38},
    url         = {https://doi.org/10.1002/bin.1927},
    doi         = {10.1002/bin.1927},
    date        = {2023},
    pages       = {427-- 436},
    journal     = {Behavioral Interventions}
}


@article{Salloum2015,
    title       = {Parents' and children's perception of parent-led Trauma-Focused Cognitive Behavioral Therapy},
    author      = {Salloum, Dorsey and S., C. and Swaidan, V. R. and Storch, E. A.},
    volume      = {40},
    url         = {https://doi.org/10.1016/j.chiabu.2014.11.018},
    doi         = {10.1016/j.chiabu.2014.11.018},
    date        = {2015},
    pages       = {12--23},
    journal     = {Child Abuse \& Neglect}
}


@article{Turry2009,
    title       = {Integrating musical and psychological thinking: {T}he relationship between music and words in clinically improvised songs},
    author      = {Turry, A.},
    number      = {2},
    volume      = {1},
    date        = {2009},
    pages       = {106--116},
    journal     = {Music and Medicine}
}


@inproceedings{VanPuyvelde2015,
    title       = {The interaction of music and language in theontogenesis of human communication: {A} multimodal parent-infant co-regulation system},
    author      = {Van Puyvelde, M. and Franco, F.},
    editor      = {Timmers, R. and Dibben, N. and Eitan, Z. and Granot, R. and T.Metcalfe, A.Schiavio and Williamson, V.},
    publisher   = {Sheffield:HRI Online Publications},
    date        = {2015},
    booktitle     = {International Conference on the Multimodal Experience of Music. Proceedings of ICMEM 2015}
}
