%% LaTeX2e file `bibliography.bib'
%% generated by the `filecontents' environment
%% from source `main' on 2024/11/25.
%%
 @article{Devine2020,
    title       = {Science fails},
    author      = {Devine, S. and Bautista-Perpinya, M. and Delrue, V. and Gaillard, S. D. M. and Jorna, T. F. K. and van der Meer, M. and Millett, L. and Pozzebon, C. and Visser, J.},
    number      = {1},
    volume      = {1},
    url         = {https://doi.org/10.36850/ed1},
    doi         = {10.36850/ed1},
    date        = {2020},
    pages       = {1--5},
    journal     = {Let's publish. Journal of Trial and Error}
}


@article{Field2024,
    title       = {Exploring the constellation of communities shaping science reform and its future progress},
    author      = {Field, S. M. and Kiers, H. and Derksen, M.},
    date        = {2024}
}


@article{Field2020,
    title       = {The effect of preregistration on trust in empirical research findings: {R}esults of a registered report},
    author      = {Field, S. M. and Wagenmakers, E. J. and Kiers, H. A. and Hoekstra, R. and Ernst, A. F. and van Ravenzwaaij, D.},
    number      = {4},
    volume      = {7},
    url         = {https://doi.org/10.1098/rsos.181351},
    doi         = {10.1098/rsos.181351},
    date        = {2020},
    journal     = {Royal Society Open Science}
}


@inbook{Helmreich2017,
    title       = {The evolution of crew resource management training in commercial aviation},
    author      = {Helmreich, R. L. and Merritt, A. C. and Wilhelm, J. A.},
    editor      = {Dismukes, R.K.},
    url         = {https://doi.org/10.4324/9781315092898-15},
    doi         = {10.4324/9781315092898-15},
    date        = {2017},
    pages       = {275--288},
    booktitle     = {Human error in aviation}
}


@article{McCreary1998,
    title       = {Human factors: {T}enerife revisited},
    author      = {McCreary, J. and Pollard, M. and Stevenson, K. and Wilson, M. B.},
    number      = {1},
    volume      = {3},
    date        = {1998},
    pages       = {23--32},
    journal     = {Journal of Air Transportation World Wide}
}


@inbook{Board2004,
    title       = {Loss of pitch control during takeoff Air Midwest Flight 5481 ({NTSB}/{AAR}-04/01},
    author      = {Board, National Transportation Safety},
    url         = {https://www.ntsb.gov/investigations/AccidentReports/Reports/AAR0401.pdf},
    date        = {2004},
    booktitle     = {Federal government of the United States of}
}


@article{Potti2006,
    title       = {Genomic signatures to guide the use of chemotherapeutics},
    author      = {Potti, A. and Dressman, H. K. and Bild, A. and Riedel, R. F. and Chan, G. and Sayer, R. and Cragun, J. and Cottrill, H. and Kelley, M. J. and Petersen, R. and Harpole, D. and Marks, J. and Berchuck, A. and Ginsburg, G. S. and Febbo, P. and Lancaster, J. M. and Nevins, J. R. and Nevins, J. R.},
    number      = {11},
    volume      = {12},
    url         = {https://doi.org/10.1038/nm1491},
    doi         = {10.1038/nm1491},
    date        = {2006},
    pages       = {1294--1300},
    journal     = {Nature Medicine}
}


@inbook{Salmieri2024,
    title       = {Free speech as a right and a way of life},
    author      = {Salmieri, G.},
    editor      = {Smith, T.},
    publisher   = {Ayn Rand Institute Press},
    date        = {2024},
    pages       = {193--239},
    booktitle     = {The first amendment: Essays on the imperative of intellectual freedom}
}


@article{vanNoorden2023,
    title       = {More than 10,000 research papers were retracted in 2023 â€” a new record},
    author      = {van Noorden, R.},
    volume      = {624},
    url         = {https://doi.org/10.1038/d41586-023-03974-8},
    doi         = {10.1038/d41586-023-03974-8},
    date        = {2023},
    pages       = {479--481},
    journal     = {Nature}
}


@article{Wakefield1998,
    title       = {Ileal-lymphoid-nodular hyperplasia, non-specific colitis, and pervasive developmental disorder in children},
    author      = {Wakefield, A. J. and Murch, S. H. and Anthony, A. and Linnell, J. and Casson, D. M. and Malik, M. and Berelowitz, M. and Dhillon, A. P. and Thomson, M. A. and Harvey, P. and Valentine, A. and Davies, S. E. and Walker-Smith, J. A.},
    number      = {9103},
    volume      = {351},
    url         = {https://doi.org/10.1016/s0140-6736(97)11096-0},
    doi         = {10.1016/s0140-6736(97)11096-0},
    date        = {1998},
    pages       = {637--641},
    journal     = {The Lancet}
}
