%% LaTeX2e file `bibliography.bib'
%% generated by the `filecontents' environment
%% from source `e-11-bartlett' on 2022/12/07.
%%

  @article{Shiffman2009,
    title       = {Light and intermittent smokers: Background and perspective},
    author      = {Shiffman, S.},
    number      = {2},
    volume      = {11},
    doi         = {10.1093/ntr/ntn020},
    year        = {2009},
    pages       = {122--125},
    journal     = {Nicotine \& Tobacco Research}
}
@article{Levy2009,
  author = {Levy, D. E. and Biener, L. and Rigotti, N. A.},
  date = {2009},
  title = {The natural history of light smokers: A population-based cohort study},
  volume = {11},
  pages = {156-163},
  url = {https://doi.org/10.1093/ntr/ntp011},
  doi = {10.1093/ntr/ntp011},
  journal = {Nicotine \& Tobacco Research},
  number = {2}
}

@article{StHelen2019,
  author = {St.Helen, G. and Benowitz, N.L. and Ahluwalia, J.S. and Tyndale, R.F. and Addo, N. and Gregorich, S.E. and Pérez-Stable, E.J. and Cox, L.S.},
  date = {2019},
  title = {Black Light Smokers: How Nicotine Intake and Carcinogen Exposure Differ Across Various Biobehavioral Factors},
  volume = {111},
  pages = {509–520},
  url = {https://doi.org/10.1016/j.jnma.2019.04.004},
  doi = {10.1016/j.jnma.2019.04.004},
  journal = {Journal of the National Medical Association},
  number = {5}
}


@article{Shiffman2012,
    title       = {Smoking motives of daily and non-daily smokers: A profile analysis},
    author      = {Shiffman, S. and Dunbar, M.S. and Scholl, S.M. and Tindle, H.A.},
    number      = {3},
    volume      = {126},
    doi         = {10.1016/j.drugalcdep.2012.05.037},
    year        = {2012},
    pages       = {362--368},
    journal     = {Drug and Alcohol Dependence}
}

@article{Shiffman2012a,
  author = {Shiffman, S. and Tindle, H. and Li, X. and Scholl, S. and Dunbar, M. and Mitchell-Miland, C.},
  date = {2012},
  title = {Characteristics and smoking patterns of intermittent smokers},
  volume = {20},
  pages = {264–277},
  url = {https://doi.org/10.1037/a0027546},
  doi = {10.1037/a0027546},
  journal = {Experimental and Clinical Psychopharmacology},
  number = {4}
}




@article{Bogdanovica2011,
    title       = {Smoking prevalence in the European Union: A comparison of national and transnational prevalence survey methods and results},
    author      = {Bogdanovica, I. and Godfrey, F. and McNeill, A. and Britton, J.},
    number      = {1},
    volume      = {20},
    doi         = {10.1136/tc.2010.036103},
    year        = {2011},
    pages       = {1--9},
    journal     = {Tobacco Control}
}


@article{Kotz2012,
    title       = {Very low rate and light smokers: Smoking patterns and cessation-related behaviour in England, 2006-11: Very low rate and light smokers},
    author      = {Kotz, D. and Fidler, J. and West, R.},
    number      = {5},
    volume      = {107},
    doi         = {10.1111/j.1360-0443.2011.03739.x},
    year        = {2012},
    pages       = {995--1002},
    journal     = {Addiction}
}


@article{Tindle2011,
    title       = {Smoking Cessation Behavior Among Intermittent Smokers Versus Daily Smokers},
    author      = {Tindle, H.A. and Shiffman, S.},
    number      = {7},
    volume      = {101},
    doi         = {10.2105/AJPH.2011.300186},
    year        = {2011},
    pages       = {1-- 3},
    journal     = {American Journal of Public Health}
}


@article{Fagan2009,
    title       = {Light and intermittent smoking: The road less traveled},
    author      = {Fagan, P. and Rigotti, N.A.},
    number      = {2},
    volume      = {11},
    doi         = {10.1093/ntr/ntn015},
    year        = {2009},
    pages       = {107--110},
    journal     = {Nicotine \& Tobacco Research}
}


@article{Tong2006,
    title       = {Nondaily Smokers Should Be Asked and Advised to Quit},
    author      = {Tong, E.K. and Ong, M.K. and Vittinghoff, E. and Pérez-Stable, E.J.},
    number      = {1},
    volume      = {30},
    doi         = {10.1016/j.amepre.2005.08.048},
    year        = {2006},
    pages       = {23--30},
    journal     = {American Journal of Preventive Medicine}
}


@article{Shiffman2014,
    title       = {Smoking Patterns and Stimulus Control in Intermittent and Daily Smokers},
    author      = {Shiffman, S. and Dunbar, M.S. and Li, X. and Scholl, S.M. and Tindle, H.A. and Anderson, S.J. and Ferguson, S.G.},
    number      = {3},
    volume      = {9},
    doi         = {10.1371/journal.pone.0089911},
    year        = {2014},
    pages       = {1--14},
    journal     = {PLoS ONE}
}


@article{Field2008,
    title       = {Attentional bias in addictive behaviors: A review of its development, causes, and consequences},
    author      = {Field, M. and Cox, W.M.},
    number      = {1-2},
    volume      = {97},
    doi         = {10.1016/j.drugalcdep.2008.03.030},
    year        = {2008},
    pages       = {1--20},
    journal     = {Drug and Alcohol Dependence}
}


@article{Field2009,
    title       = {A meta-analytic investigation of the relationship between attentional bias and subjective craving in substance abuse},
    author      = {Field, M. and Munafò, M.R. and Franken, I.H.A.},
    number      = {4},
    volume      = {135},
    doi         = {10.1037/a0015843},
    year        = {2009},
    pages       = {589--607},
    journal     = {Psychological Bulletin}
}


@article{Field2016,
    title       = {The role of attentional bias in obesity and addiction},
    author      = {Field, M. and Werthmann, J. and Franken, I. and Hofmann, W. and Hogarth, L. and Roefs, A.},
    number      = {8},
    volume      = {35},
    doi         = {10.1037/hea0000405},
    year        = {2016},
    pages       = {767--780},
    journal     = {Health Psychology}
}


@article{Baschnagel2013,
    title       = {Using mobile eye-tracking to assess attention to smoking cues in a naturalized environment},
    author      = {Baschnagel, J.S.},
    number      = {12},
    volume      = {38},
    doi         = {10.1016/j.addbeh.2013.08.005},
    year        = {2013},
    pages       = {2837--2840},
    journal     = {Addictive Behaviors}
}


@article{Ehrman2002,
    title       = {Comparing attentional bias to smoking cues in current smokers, former smokers, and non-smokers using a dot-probe task},
    author      = {Ehrman, R.N. and Robbins, S.J. and Bromwell, M.A. and Lankford, M.E. and Monterosso, J.R. and O'Brien, C.P.},
    number      = {2},
    volume      = {67},
    doi         = {10.1016/S0376-8716(02)00065-0},
    year        = {2002},
    pages       = {185--191},
    journal     = {Drug and Alcohol Dependence}
}


@article{Kang2012,
    title       = {Individual differences in smoking-related cue reactivity in smokers: An eye-tracking and fMRI study},
    author      = {Kang, O.-S. and Chang, D.-S. and Jahng, G.-H. and Kim, S.-Y. and Kim, H. and Kim, J.-W. and Chung, S.-Y. and Yang, S.-I. and Park, H.-J. and Lee, H. and Chae, Y.},
    number      = {2},
    volume      = {38},
    doi         = {10.1016/j.pnpbp.2012.04.013},
    year        = {2012},
    pages       = {285--293},
    journal     = {Progress in Neuro-Psychopharmacology and Biological Psychiatry}
}


@article{Mogg2003,
    title       = {Eye movements to smoking-related pictures in smokers: Relationship between attentional biases and implicit and explicit measures of stimulus valence},
    author      = {Mogg, K. and Bradley, B.P. and Field, M. and Houwer, J.},
    number      = {6},
    volume      = {98},
    doi         = {10.1046/j.1360-0443.2003.00392.x},
    year        = {2003},
    pages       = {825--836},
    journal     = {Addiction}
}


@article{Bradley2003,
    title       = {Attentional bias in drug dependence: Vigilance for cigarette-related cues in smokers},
    author      = {Bradley, B.P. and Mogg, K. and Wright, T. and Field, M.},
    number      = {1},
    volume      = {17},
    doi         = {10.1037/0893-164X.17.1.66},
    year        = {2003},
    pages       = {66--72},
    journal     = {Psychology of Addictive Behaviors}
}


@article{Hogarth2003,
    title       = {Attentional orienting towards smoking-related stimuli},
    author      = {Hogarth, L.C. and Mogg, K. and Bradley, B.P. and Duka, T. and Dickinson, A.},
    number      = {2},
    volume      = {14},
    doi         = {10.1097/00008877-200303000-00007},
    year        = {2003},
    pages       = {153--160},
    journal     = {Behavioural Pharmacology}
}


@article{Mogg2005,
    title       = {Attentional and approach biases for smoking cues in smokers: An investigation of competing theoretical views of addiction},
    author      = {Mogg, K. and Field, M. and Bradley, B.P.},
    number      = {2},
    volume      = {180},
    doi         = {10.1007/s00213-005-2158-x},
    year        = {2005},
    pages       = {333--341},
    journal     = {Psychopharmacology}
}


@article{Chanon2010,
    title       = {Attentional bias toward cigarette cues in active smokers},
    author      = {Chanon, V.W. and Sours, C.R. and Boettiger, C.A.},
    number      = {3},
    volume      = {212},
    doi         = {10.1007/s00213-010-1953-1},
    year        = {2010},
    pages       = {309--320},
    journal     = {Psychopharmacology}
}


@article{Vollstädt-Klein2011,
    title       = {Attention Shift towards Smoking Cues Relates to Severity of Dependence, Smoking Behavior and Breath Carbon Monoxide},
    author      = {Vollstädt-Klein, S. and Loeber, S. and Winter, S. and Leménager, T. and Goltz, C.von der and Dinter, C. and Koopmann, A. and Wied, C. and Winterer, G. and Kiefer, F.},
    number      = {4},
    volume      = {17},
    doi         = {10.1159/000327775},
    year        = {2011},
    pages       = {217--224},
    journal     = {European Addiction Research}
}


@article{Zack2001,
    title       = {Effects of abstinence and smoking on information processing in adolescent smokers},
    author      = {Zack, M. and Belsito, L. and Scher, R. and Eissenberg, T. and Corrigall, W.A.},
    number      = {2},
    volume      = {153},
    doi         = {10.1007/s002130000552},
    year        = {2001},
    pages       = {249--257},
    journal     = {Psychopharmacology}
}


@article{Parsons2019,
    title       = {Psychological Science Needs a Standard Practice of Reporting the Reliability of Cognitive-Behavioral Measurements},
    author      = {Parsons, S. and Kruijt, A.-W. and Fox, E.},
    number      = {4},
    volume      = {2},
    doi         = {10.1177/2515245919879695},
    year        = {2019},
    pages       = {378--395},
    journal     = {Advances in Methods and Practices in Psychological Science}
}


@article{Pennington2021,
    title       = {Raising the bar: Improving methodological rigour in cognitive alcohol research},
    author      = {Pennington, C.R. and Jones, A. and Bartlett, J.E. and Copeland, A. and Shaw, D.J.},
    number      = {11},
    volume      = {116},
    doi         = {10.1111/add.15563},
    year        = {2021},
    pages       = {3243--3251},
    journal     = {Addiction}
}


@article{Hedge2018,
    title       = {The reliability paradox: Why robust cognitive tasks do not produce reliable individual differences},
    author      = {Hedge, C. and Powell, G. and Sumner, P.},
    number      = {3},
    volume      = {50},
    doi         = {10.3758/s13428-017-0935-1},
    year        = {2018},
    pages       = {1166--1186},
    journal     = {Behavior Research Methods}
}


@article{Ataya2012,
    title       = {Internal reliability of measures of substance-related cognitive bias},
    author      = {Ataya, A.F. and Adams, S. and Mullings, E. and Cooper, R.M. and Attwood, A.S. and Munafò, M.R.},
    number      = {1},
    volume      = {121},
    doi         = {10.1016/j.drugalcdep.2011.08.023},
    year        = {2012},
    pages       = {148--151},
    journal     = {Drug and Alcohol Dependence}
}


@article{Schmukle2005,
    title       = {Unreliability of the dot probe task},
    author      = {Schmukle, S.C.},
    number      = {7},
    volume      = {19},
    doi         = {10.1002/per.554},
    year        = {2005},
    pages       = {595--605},
    journal     = {European Journal of Personality}
}


@article{Waechter2014,
    title       = {Measuring Attentional Bias to Threat: Reliability of Dot Probe and Eye Movement Indices},
    author      = {Waechter, S. and Nelson, A.L. and Wright, C. and Hyatt, A. and Oakman, J.},
    number      = {3},
    volume      = {38},
    doi         = {10.1007/s10608-013-9588-2},
    year        = {2014},
    pages       = {313--333},
    journal     = {Cognitive Therapy and Research}
}


@article{Fagerström2012,
    title       = {Determinants of Tobacco Use and Renaming the FTND to the Fagerström Test for Cigarette Dependence},
    author      = {Fagerström, K.},
    number      = {1},
    volume      = {14},
    doi         = {10.1093/ntr/ntr137},
    year        = {2012},
    pages       = {75--78},
    journal     = {Nicotine \& Tobacco Research}
}


@article{Heatherton1991,
    title       = {The Fagerström Test for Nicotine Dependence: A revision of the Fagerstrom Tolerance Questionnaire},
    author      = {Heatherton, T.F. and Kozlowski, L.T. and Frecker, R.C. and Fagerström, K.-O.},
    number      = {9},
    volume      = {86},
    doi         = {10.1111/j.1360-0443.1991.tb01879.x},
    year        = {1991},
    pages       = {1119--1127},
    journal     = {British Journal of Addiction}
}


@article{Lang2008,
    title       = {International affective picture system (IAPS): Affective ratings of pictures and instruction manual},
    author      = {Lang, P.J. and Bradley, M.M. and Cuthbert, B.N.},
    publisher   = {University of Florida},
    place       = {Gainesville},
    year        = {2008}
}


@article{Bartlett2020,
    title       = {Daily and Non-daily Smokers: A Profile of Drive and Cognitive Control Mechanisms},
    author      = {Bartlett, J.E.},
    publisher   = {Coventry University},
    year        = {2020}
}


@article{Allen2019,
    title       = {Raincloud plots: A multi-platform tool for robust data visualization},
    author      = {Allen, M. and Poggiali, D. and Whitaker, K. and Marshall, T.R. and Kievit, R.A.},
    volume      = {4},
    doi         = {10.12688/wellcomeopenres.15191.1},
    year        = {2019},
    pages       = {63},
    journal     = {Wellcome Open Research}
}


@article{Salemink2007,
    title       = {Selective attention and threat: Quick orienting versus slow disengagement and two versions of the dot probe task},
    author      = {Salemink, E. and Hout, M.A.van den and Kindt, M.},
    number      = {3},
    volume      = {45},
    doi         = {10.1016/j.brat.2006.04.004},
    year        = {2007},
    pages       = {607--615},
    journal     = {Behaviour Research and Therapy}
}


@article{Lakens2018,
    title       = {Equivalence Testing for Psychological Research: A Tutorial},
    author      = {Lakens, D. and Scheel, A.M. and Isager, P.M.},
    number      = {2},
    volume      = {1},
    doi         = {10.1177/2515245918770963},
    year        = {2018},
    pages       = {259--269},
    journal     = {Advances in Methods and Practices in Psychological Science}
}


@article{Simonsohn2015,
    title       = {Small Telescopes: Detectability and the Evaluation of Replication Results},
    author      = {Simonsohn, U.},
    number      = {5},
    volume      = {26},
    doi         = {10.1177/0956797614567341},
    year        = {2015},
    pages       = {559--569},
    journal     = {Psychological Science}
}


@article{Grice2020,
    title       = {Persons as Effect Sizes},
    author      = {Grice, J.W. and Medellin, E. and Jones, I. and Horvath, S. and McDaniel, H. and O'lansen, C. and Baker, M.},
    number      = {4},
    volume      = {3},
    doi         = {10.1177/2515245920922982},
    year        = {2020},
    pages       = {443--455},
    journal     = {Advances in Methods and Practices in Psychological Science}
}


@article{Parsons2020,
    title       = {Splithalf; robust estimates of split half reliability},
    author      = {Parsons, S.},
    doi         = {10.6084/m9.figshare.5559175.v5},
    year        = {2020}
}


@article{Schaefer2019,
  author = {Schäfer, T. and Schwarz, M.A.},
  date = {2019},
  title = {The Meaningfulness of Effect Sizes in Psychological Research: Differences Between Sub-Disciplines and the Impact of Potential Biases},
  volume = {10},
  pages = {1–13},
  url = {https://doi.org/10.3389/fpsyg.2019.00813},
  doi = {10.3389/fpsyg.2019.00813},
  journal = {Frontiers in Psychology}
}


@article{Begh2016,
    title       = {Association between smoking-related attentional bias and craving measured in the clinic and in the natural environment},
    author      = {Begh, R. and Smith, M. and Ferguson, S.G. and Shiffman, S. and Munafò, M.R. and Aveyard, P.},
    number      = {8},
    volume      = {30},
    doi         = {10.1037/adb0000231},
    year        = {2016},
    pages       = {868--875},
    journal     = {Psychology of Addictive Behaviors}
}


@article{Price2015,
    title       = {Empirical Recommendations for Improving the Stability of the Dot-Probe Task in Clinical Research},
    author      = {Price, R.B. and Kuckertz, J.M. and Siegle, G.J. and Ladouceur, C.D. and Silk, J.S. and Ryan, N.D. and Dahl, R.E. and Amir, N.},
    number      = {2},
    volume      = {27},
    doi         = {10.1037/pas0000036},
    year        = {2015},
    pages       = {365--376},
    journal     = {Psychological Assessment}
}


@article{Soleymani2020,
    title       = {Free-viewing multi-stimulus eye tracking task to index attention bias for alcohol versus soda cues: Satisfactory reliability and criterion validity},
    author      = {Soleymani, A. and Ivanov, Y. and Mathot, S. and Jong, P.J.de},
    volume      = {100},
    doi         = {10.1016/j.addbeh.2019.106117},
    year        = {2020},
    pages       = {106117},
    journal     = {Addictive Behaviors}
}


@article{Wray2016,
    title       = {A Comparative Evaluation of Self-Report and Biological Measures of Cigarette Use in Non-Daily Smokers},
    author      = {Wray, J.M. and Gass, J.C. and Miller, E.I. and Wilkins, D.G. and Rollins, D.E. and Tiffany, S.T.},
    number      = {9},
    volume      = {28},
    doi         = {10.1037/pas0000227},
    year        = {2016},
    pages       = {1043--1050},
    journal     = {Psychological Assessment}
}


@article{Ramo2011,
    title       = {Reliability and validity of self-reported smoking in an anonymous online survey with young adults},
    author      = {Ramo, D.E. and Hall, S.M. and Prochaska, J.J.},
    number      = {6},
    volume      = {30},
    doi         = {10.1037/a0023443},
    year        = {2011},
    pages       = {693--701},
    journal     = {Health Psychology}
}

@misc{RCoreTeam2020,
    title       = {R: A language and environment for statistical computing. R Foundation for Statistical Computing},
    author      = {Team, R.Core},
    url         = {https://www.R-project.org/},
    year        = {2020}
}


@misc{Singmann2020,
    title       = {Afex: Analysis of factorial experiments},
    author      = {Singmann, H. and Bolker, B. and Westfall, J. and Aust, F. and Ben-Shachar, M.S.},
    url         = {https://CRAN.R-project.org/package=afex},
    year        = {2020}
}


@misc{Wilke2019,
    title       = {Cowplot: Streamlined plot theme and plot annotations for 'ggplot2'},
    author      = {Wilke, C.O.},
    url         = {https://CRAN.R-project.org/package=cowplot},
    year        = {2019}
}


@misc{Wickham2020,
    title       = {Tidyr: Tidy messy data},
    author      = {Wickham, H. and Henry, L.},
    url         = {https://CRAN.R-project.org/package=tidyr},
    year        = {2020}
}


@book{Wickham2016,
    title       = {ggplot2: Elegant graphics for data analysis},
    author      = {Wickham, H.},
    url         = {https://ggplot2.tidyverse.org},
    publisher   = {Springer-Verlag New York},
    year        = {2016}
}


@misc{Firke2019,
    title       = {Janitor: Simple tools for examining and cleaning dirty data},
    author      = {Firke, S.},
    url         = {https://CRAN.R-project.org/package=janitor},
    year        = {2019}
}


@manual{,
    title = {{papaja}: {Prepare} reproducible {APA} journal articles
      with {R Markdown}},
    author = {Frederik Aust and Marius Barth},
    year = {2022},
    note = {R package version 0.1.1},
    url = {https://github.com/crsh/papaja},
  }


@book{Revelle2019,
    title       = {Psych: Procedures for psychological, psychometric, and personality research},
    author      = {Revelle, W.},
    url         = {https://CRAN.R-project.org/package=psych},
    publisher   = {Northwestern University},
    year        = {2019}
}


@misc{Champely2020,
    title       = {Pwr: Basic functions for power analysis},
    author      = {Champely, S.},
    url         = {https://CRAN.R-project.org/package=pwr},
    year        = {2020}
}


@misc{Wickham2018,
    title       = {Readr: Read rectangular text data},
    author      = {Wickham, H. and Hester, J. and Francois, R.},
    url         = {https://CRAN.R-project.org/package=readr},
    year        = {2018}
}


@misc{Chang2020,
    title       = {Shiny: Web application framework for r},
    author      = {Chang, W. and Cheng, J. and Allaire, J. and Xie, Y. and McPherson, J.},
    url         = {https://CRAN.R-project.org/package=shiny},
    year        = {2020}
}


@misc{Wickham2019,
    title       = {Stringr: Simple, consistent wrappers for common string operations},
    author      = {Wickham, H.},
    url         = {https://CRAN.R-project.org/package=stringr},
    year        = {2019}
}


@misc{Müller2020,
    title       = {Tibble: Simple data frames},
    author      = {Müller, K. and Wickham, H.},
    url         = {https://CRAN.R-project.org/package=tibble},
    year        = {2020}
}


@misc{Barth2022,
    title       = {tinylabels: Lightweight variable labels},
    author      = {Barth, M.},
    url         = {https://cran.r-project.org/package=tinylabels},
    year        = {2022}
}


@misc{Lakens2017,
    title       = {Equivalence tests: A practical primer for t-tests, correlations, and meta-analyses},
    author      = {Lakens, D.},
    volume      = {1},
    url         = {https://doi.org/10.1177/1948550617697177},
    doi         = {10.1177/1948550617697177},
    year        = {2017},
    pages       = {1--8},
    journal     = {Social Psychological and Personality Science}
}


