
@article{Devezer2019,
  title={Scientific discovery in a model-centric framework: Reproducibility, innovation, and epistemic diversity},
  author={Devezer, Berna and Nardin, Luis G and Baumgaertner, Bert and Buzbas, Erkan Ozge},
  journal={PLOS ONE},
  volume={14},
  number={5},
  pages={1--23},
  year={2019},
  doi={https://doi.org/10.1371/journal.pone.0216125},
  publisher={Public Library of Science}
}


@article{Devezer2021,
  title={The case for formal methodology in scientific reform},
  author={Devezer, Berna and Navarro, Danielle J and Vandekerckhove, Joachim and Ozge Buzbas, Erkan},
  journal={Royal Society Open Science},
  volume={8},
  number={3},
  pages={Article 200805},
  year={2021},
  publisher={The Royal Society}
}

@article{Buzbas2023,
  title={The logical structure of experiments lays the foundation for a theory of reproducibility},
  author={Buzbas, Erkan O and Devezer, Berna and Baumgaertner, Bert},
  journal={Royal Society Open Science},
  volume={10},
  number={3},
  pages={221042},
  year={2023},
  publisher={The Royal Society}
}

@article{Penders2022,
  title={Process and bureaucracy: Scientific reform as civilisation},
  author={Penders, Bart},
  journal={Bulletin of Science, Technology \& Society},
  volume={42},
  number={4},
  pages={107--116},
  year={2022},
  publisher={SAGE Publications Sage CA: Los Angeles, CA}
}

@article{Peterson2023,
  title={Metascience as a scientific social movement},
  author={Peterson, David and Panofsky, Aaron},
  journal={Minerva},
  volume={61},
  pages={147-174},
  year={2023},
  publisher={Springer}
}

@Article{Silberzahn2018,
  author  = {R. Silberzahn and E. L. Uhlmann and D. P. Martin and P. Anselmi and F. Aust and E. Awtrey and {\v{S}}. Bahn{\'{\i}}k and F. Bai and C. Bannard and E. Bonnier and R. Carlsson and F. Cheung and G. Christensen and R. Clay and M. A. Craig and A. Dalla Rosa and L. Dam and M. H. Evans and I. Flores Cervantes and N. Fong and M. Gamez-Djokic and A. Glenz and S. Gordon-McKeon and T. J. Heaton and K. Hederos and M. Heene and A. J. Hofelich Mohr and F. Högden and K. Hui and M. Johannesson and J. Kalodimos and E. Kaszubowski and D. M. Kennedy and R. Lei and T. A. Lindsay and S. Liverani and C. R. Madan and D. Molden and E. Molleman and R. D. Morey and L. B. Mulder and B. R. Nijstad and N. G. Pope and B. Pope and J. M. Prenoveau and F. Rink and E. Robusto and H. Roderique and A. Sandberg and E. Schlüter and F. D. Schönbrodt and M. F. Sherman and S. A. Sommer and K. Sotak and S. Spain and C. Spörlein and T. Stafford and L. Stefanutti and S. Tauber and J. Ullrich and M. Vianello and E.-J. Wagenmakers and M. Witkowiak and S. Yoon and \ldots and B. A. Nosek},
  title   = {Many analysts, one data set: Making transparent how variations in analytic choices affect results},
  journal = {Advances in Methods and Practices in Psychological Science},
  year    = {2018},
  volume  = {1},
  number  = {3},
  month   = {aug},
  pages   = {337--356},
  doi     = {https://doi.org/10.1177/2515245917747646},
}

@article{open2015estimating,
  title={Estimating the reproducibility of psychological science},
  author={Open Science Collaboration},
  journal={Science},
  volume={349},
  number={6251},
  pages={aac4716},
  year={2015},
  publisher={American Association for the Advancement of Science}
}

@article{breznau2022observing,
  title={Observing many researchers using the same data and hypothesis reveals a hidden universe of uncertainty},
  author={Breznau, Nate and Rinke, Eike Mark and Wuttke, Alexander and Nguyen, Hung HV and Adem, Muna and Adriaans, Jule and Alvarez-Benjumea, Amalia and Andersen, Henrik K and Auer, Daniel and Azevedo, Flavio and Bahnsen, O and Balzer, D and Bauer, G and Baumann, M and Baute, S and Benoit, V and Bernauer, J and Berning, C and \ldots and Zoltak, T},
  journal={Proceedings of the National Academy of Sciences},
  volume={119},
  number={44},
  pages={Article e2203150119},
  year={2022},
  publisher={National Acad Sciences}
}

@article{hoogeveen2022many,
  title={A many-analysts approach to the relation between religiosity and well-being},
  author={Hoogeveen, Suzanne and Sarafoglou, Alexandra and Aczel, Balazs and Aditya, Yonathan and Alayan, Alexandra J and Allen, Peter J and Altay, Sacha and Alzahawi, Shilaan and Amir, Yulmaida and Anthony, Francis-Vincent and Appiah, O K and Atkinson, Q D and Baimel, A and Balkaya-Ince, M and Balsamo, M and Banker, S and Bartos, F and Becerra, M and Beffara, B and \ldots and Wagenmakers, E J},
  journal={Religion, Brain \& Behavior},
  pages={1--47},
  year={2022},
  publisher={Taylor \& Francis}
}

@article{klein2018many,
  title={Many Labs 2: Investigating variation in replicability across samples and settings},
  author={Klein, Richard A and Vianello, Michelangelo and Hasselman, Fred and Adams, Byron G and Adams Jr, Reginald B and Alper, Sinan and Aveyard, Mark and Axt, Jordan R and Babalola, Mayowa T and Bahn{\'\i}k, {\v{S}}t{\v{e}}p{\'a}n and Batra, R and Berkics, M and Bernstein, M J and Berry, D R and Bialobrzeska, O and Binan, E D and Bocian, K and Brandt, M J and Busching, R and Redei, A C and \ldots and Nosek, B A },
  journal={Advances in Methods and Practices in Psychological Science},
  volume={1},
  number={4},
  pages={443--490},
  year={2018},
  publisher={Sage Publications Sage CA: Los Angeles, CA}
}

@article{klein2022many,
  title={Many Labs 4: Failure to replicate mortality salience effect with and without original author involvement},
  author={Klein, Richard A and Cook, Corey L and Ebersole, Charles R and Vitiello, Christine and Nosek, Brian A and Hilgard, Joseph and Ahn, Paul Hangsan and Brady, Abbie J and Chartier, Christopher R and Christopherson, Cody D and Clay, S and Collisson, B and Crawford, J T and Cromar, R and Gardiner, G and Gosnell, C L and Grahe, J and Hall, C and Howard, I and \ldots and Ratliff, K A },
  journal={Collabra: Psychology},
  volume={8},
  number={1},
  pages={35271},
  year={2022},
  publisher={University of California Press}
}

@article{fanelli2022tau,
  title={The" Tau" of Science-How to Measure, Study, and Integrate Quantitative and Qualitative Knowledge},
  author={Fanelli, Daniele},
  year={2022},
  journal={MetaArXiv},
  volume={doi},
  pages={10.31222/osf.io/67sak}
}

@article{fanelli2022metric,
  title={A metric of knowledge as information compression reflects reproducibility predictions in biomedical experiments},
  author={Fanelli, Daniele and Tan, Pedro Batista and Amaral, Olavo Bohrer and Neves, Kleber},
  year={2022},
  journal={MetaArXiv},
  volume={doi},
  pages={10.31222/osf.io/5r36g}
}

@article{smaldino2016natural,
  title={The natural selection of bad science},
  author={Smaldino, Paul E and McElreath, Richard},
  journal={Royal Society open science},
  volume={3},
  number={9},
  pages={160384},
  year={2016},
  publisher={The Royal Society}
}

@article{bak2022replication,
  title={Replication does not measure scientific productivity},
  author={Bak-Coleman, Joseph and Mann, Richard P and West, Jevin and Bergstrom, Carl T},
  year={2022},
  journal={SocArXiv},
    volume={doi},
    pages={10.31235/osf.io/rkyf7}
}

@article{jones2009split,
  title={Split-plot designs: What, why, and how},
  author={Jones, Bradley and Nachtsheim, Christopher J},
  journal={Journal of quality technology},
  volume={41},
  number={4},
  pages={340--361},
  year={2009},
  publisher={Taylor \& Francis}
}

@article{tao_2007, 
 title={There’s more to mathematics than rigour and proofs}, 
 url={https://terrytao.wordpress.com/career-advice/theres-more-to-mathematics-than-rigour-and-proofs/}, 
 author={Tao, Terence}, 
 year={2007}, 
 month={May},
 volume={https://terrytao.wordpress.com/career-advice/theres-more-to-mathematics-than-rigour-and-proofs/}
 } 
 
@book{bernardosmith2000,
  title={Bayesian Theory},
  author={Bernardo, M. Jos{\`e} and Smith, A. F. M.},
  year={2000},
  publisher={ Chichester, UK: John Wiley \& Sons Ltd}
 }

% @Article{Winsberg2006,
%   author  = {Winsberg, Eric},
%   title   = {Models of Success Versus the Success of Models: Reliability without Truth},
%   journal = {Synthese},
%   year    = {2006},
%   volume  = {152},
%   number  = {1},
%   pages   = {1--19},
%   doi     = {10.1007/s11229-004-5404-6},
% }

% @Article{Baker2016,
%   author  = {Baker, Monya},
%   title   = {1,500 scientists lift the lid on reproducibility},
%   journal = {Nature},
%   year    = {2016},
%   volume  = {533},
%   number  = {7604},
%   pages   = {452--454},
%   doi     = {10.1038/533452a},
% }

% @Article{Bishop2019,
%   title={Rein in the four horsemen of irreproducibility},
% author={Bishop, Dorothy},
%   journal={Nature},
%   volume={568},
%   number={7753},
%   pages={435--435},
%   year={2019},
%   publisher={Macmillan Publishers Ltd., London, England}
% }

% @Article{Ioannidis2014,
%   title={How to Make More Published Research True},
% author={Ioannidis, John P. A.},
%   journal={PLoS Medicine},
%   volume={11},
%   number={10},
%   pages={1--6},
%   year={2014},
%   doi={https://doi.org/10.1371/journal.pmed.1001747}
% }

% @Article{Spellman2015,
%   title={A short (personal) future history of revolution 2.0},
%   author={Spellman, Barbara A},
%   year={2015},
%   publisher={Sage Publications, Los Angeles, CA}
% }

% @Article{Nosek2018,
%   title={The preregistration revolution},
%   author={Nosek, Brian A and Ebersole, Charles R and DeHaven, Alexander C and Mellor, David T},
%   journal={Proceedings of the National Academy of Sciences},
%   volume={115},
%   number={11},
%   pages={2600--2606},
%   year={2018},
%   publisher={National Acad Sciences}
% }

% @Article{Collins2014,
%   title={Policy: NIH plans to enhance reproducibility},
%   author={Collins, Francis S and Tabak, Lawrence A},
%   journal={Nature News},
%   volume={505},
%   number={7485},
%   pages={612--613},
%   year={2014}
% }

% @Article{Iqbal2016,
%   title={Reproducible research practices and transparency across the biomedical literature},
%   author={Iqbal, Shareen A and Wallach, Joshua D and Khoury, Muin J and Schully, Sheri D and Ioannidis, John PA},
%   journal={PLoS biology},
%   volume={14},
%   number={1},
%   pages={1--13},
%   year={2016},
%   publisher={Public Library of Science},
%   doi={https://doi.org/10.1371/journal.pbio.1002333}
% }

% @Article{Glass2008,
%   title={A brief history of the hypothesis},
%   author={Glass, David J and Hall, Ned},
%   journal={Cell},
%   volume={134},
%   number={3},
%   pages={378--381},
%   year={2008},
%   publisher={Elsevier}
% }

% @Article{Nosek2015,
%   title={Promoting an open research culture},
%   author={Nosek, Brian A and Alter, George and Banks, George C and Borsboom, Denny and Bowman, Sara D and Breckler, Steven J and Buck, Stuart and Chambers, Christopher D and Chin, Gilbert and Christensen, Garret and others},
%   journal={Science},
%   volume={348},
%   number={6242},
%   pages={1422--1425},
%   year={2015},
%   publisher={American Association for the Advancement of Science}
% }

% @Article{Earp2015,
%   title={Replication, falsification, and the crisis of confidence in social psychology},
%   author={Earp, Brian D and Trafimow, David},
%   journal={Frontiers in psychology},
%   volume={6},
%   number={621},
%   pages={1-11},
%   year={2015},
%   publisher={Frontiers},
%   doi={https://doi.org/10.3389/fpsyg.2015.00621}
% }

% @Article{Lebel2011,
%   title={Fearing the future of empirical psychology: Bem's (2011) evidence of psi as a case study of deficiencies in modal research practice},
%   author={LeBel, Etienne P and Peters, Kurt R},
%   journal={Review of General Psychology},
%   volume={15},
%   number={4},
%   pages={371--379},
%   year={2011},
%   publisher={SAGE Publications Sage CA: Los Angeles, CA}
% }

% @Article{Schmidt2009,
%   title={Shall we really do it again? The powerful concept of replication is neglected in the social sciences},
%   author={Schmidt, Stefan},
%   journal={Review of General Psychology},
%   volume={13},
%   number={2},
%   pages={90--100},
%   year={2009},
%   publisher={SAGE Publications Sage CA: Los Angeles, CA}
% }

% @inproceedings{Leonelli2018,
%   title={Rethinking Reproducibility as a Criterion for Research Quality},
%   author={Leonelli, Sabina},
%   booktitle={Including a Symposium on Mary Morgan: Curiosity, Imagination, and Surprise},
%   volume={36B},
%   pages={129--146},
%   year={2018},
%   publisher={Emerald Publishing Limited, Bingley, UK}
% }

% @inproceedings{Radder1992,
%   title={Experimental reproducibility and the experimenters' regress},
%   author={Radder, Hans},
%   booktitle={PSA: Proceedings of the Biennial Meeting of the Philosophy of Science Association},
%   volume={1992},
%   number={1},
%   pages={63--73},
%   year={1992},
%   organization={Philosophy of Science Association}
% }

% @book{Radder1996,
%   title={In and about the world: Philosophical studies of science and technology},
%   author={Radder, Hans},
%   year={1996},
%   publisher={SUNY Press, Albany, NY}
% }

% @InCollection{sep-scientific-reproducibility,
% 	author       =	{Fidler, Fiona and Wilcox, John},
% 	title        =	{Reproducibility of Scientific Results},
% 	booktitle    =	{The Stanford Encyclopedia of Philosophy},
% 	editor       =	{Edward N. Zalta},
% 	howpublished =	{\url{https://plato.stanford.edu/archives/win2018/entries/scientific-reproducibility/}},
% 	year         =	{2018},
% 	edition      =	{Winter 2018},
% 	publisher    =	{Metaphysics Research Lab, Stanford University}
% }

% @Article{Penders2019,
%   title={Rinse and Repeat: Understanding the Value of Replication across Different Ways of Knowing},
%   author={Penders, Bart and Holbrook, J Britt and de Rijcke, Sarah},
%   journal={Publications},
%   volume={7},
%   issue={3},
%   number={52},
%   pages={1--15},
%   year={2019},
%   publisher={Multidisciplinary Digital Publishing Institute}
% }

% @Article{Wagenmakers2012,
%   title={An agenda for purely confirmatory research},
%   author={Wagenmakers, Eric-Jan and Wetzels, Ruud and Borsboom, Denny and van der Maas, Han LJ and Kievit, Rogier A},
%   journal={Perspectives on Psychological Science},
%   volume={7},
%   number={6},
%   pages={632--638},
%   year={2012},
%   publisher={Sage Publications Sage CA: Los Angeles, CA}
% }

% @Article{Molloy2011,
%   title={The open knowledge foundation: open data means better science},
%   author={Molloy, Jennifer C},
%   journal={PLoS biology},
%   volume={9},
%   number={12},
%   pages={1-4},
%   year={2011},
%   publisher={Public Library of Science},
%   doi={https://doi.org/10.1371/journal.pbio.1001195}
% }

% @Article{Hardwicke2018,
%   title={Data availability, reusability, and analytic reproducibility: Evaluating the impact of a mandatory open data policy at the journal Cognition},
%   author={Hardwicke, Tom E and Mathur, Maya B and MacDonald, Kyle and Nilsonne, Gustav and Banks, George C and Kidwell, Mallory C and Hofelich Mohr, Alicia and Clayton, Elizabeth and Yoon, Erica J and Tessler, Michael Henry and Lenne, Richie L and Altman, Sara and Long, Bria and Frank, Michael C},
%   journal={Royal Society Open Science},
%   volume={5},
%   number={8},
%   pages={1--18},
%   year={2018},
%   publisher={The Royal Society},
%   doi={https://doi.org/10.1098/rsos.180448}
% }

% @Article{Stodden2011,
%   title={Trust your science? Open your data and code},
%   author={Stodden, Victoria},
%   journal={Amstat News},
%   volume={July},
%   pages={21–22},
%   year={2011}
% }

% @Article{Veer2016,
%   title={Pre-registration in social psychology—A discussion and suggested template},
%   author={van't Veer, Anna Elisabeth and Giner-Sorolla, Roger},
%   journal={Journal of Experimental Social Psychology},
%   volume={67},
%   pages={2--12},
%   year={2016},
%   publisher={Elsevier}
% }

% @Article{Heesen2018,
%   title={Why the reward structure of science makes reproducibility problems inevitable},
%   author={Heesen, Remco},
%   journal={The Journal of Philosophy},
%   volume={115},
%   number={12},
%   pages={661--674},
%   year={2018}
% }

% @Article{Box1976,
%   title={Science and statistics},
%   author={Box, George EP},
%   journal={Journal of the American Statistical Association},
%   volume={71},
%   number={356},
%   pages={791--799},
%   year={1976},
%   publisher={Taylor \& Francis}
% }

% @Article{Dennis2019,
%   title={Errors in statistical inference under model misspecification: evidence, hypothesis testing, and AIC},
%   author={Dennis, Brian and Ponciano, Jose Miguel and Taper, Mark Louis and Lele, Subhash R},
%   journal={Frontiers in Ecology and Evolution},
%   volume={7},
%   number={372},
%   pages={1--28},
%   year={2019},
%   publisher={Frontiers},
%   doi={https://doi.org/10.3389/fevo.2019.00372}
% }

% @incollection{Hacking1992,
% 	pages = {29--64},
% 	year = {1992},
% 	editor = {Andrew Pickering},
% 	title = {The Self-Vindication of the Laboratory Sciences},
% 	publisher = {University of Chicago Press},
% 	booktitle = {Science as Practice and Culture},
% 	author = {Ian Hacking}
% }

% @Book{Kuhn1964,
%   author    = {K{\"u}hn, Karl G.},
%   title     = {1821--1833 {Claudii Galeni Opera} omnia {I-XX} (20 volumes)},
%   year      = {1964--1965},
%   publisher = {Hildesheim},
%   address   = {Leipzig},
% }

% @Book{Krauth2000,
%   author    = {Krauth, Joachim},
%   title     = {Experimental design: a handbook and dictionary for medical and behavioral research},
%   year      = {2000},
%   volume    = {14},
%   publisher = {New York, NY, USA: Elsevier},
% }

% @Misc{Shah2012,
%   author       = {Shah, Zia H.},
%   title        = {{Al Biruni}: One of the greatest pioneers of science},
%   year         = {2012},
%   howpublished = {\url{https://themuslimtimes.info/2012/01/01/al-biruni-the-great-pioneer-of-science/}},
%   note         = {Accessed: 2018-10-13},
% }

% @Book{Scheppler2006,
%   author    = {Scheppler, Bill},
%   title     = {{Al-Biruni}: Master astronomer and Muslim scholar of the eleventh century},
%   year      = {2006},
%   publisher = {The Rosen Publishing Group},
%   address   = {New York, NY},
% }

% @Book{Clegg2003,
%   author    = {Clegg, Brian},
%   title     = {Roger Bacon: The first scientist},
%   year      = {2003},
%   publisher = {Constable},
%   address   = {London},
% }

% @Book{Blake1960,
%   author    = {Blake, Ralph M.},
%   title     = {Theories of scientific method: The renaissance through the nineteenth century},
%   year      = {1960},
%   publisher = {University of Washington Press},
%   address   = {Seattle, WA},
% }

% @InCollection{Jurgen2016,
%   author       = {Klein, Jürgen},
%   title        = {Francis Bacon},
%   booktitle    = {The Stanford Encyclopedia of Philosophy},
%   year         = {2016},
%   editor       = {Edward N. Zalta},
%   edition      = {Winter 2016},
%   publisher    = {Metaphysics Research Lab, Stanford University},
%   howpublished = {\url{https://plato.stanford.edu/archives/win2016/entries/francis-bacon/}},
% }

% @Article{Ohare1988,
%   author  = {O'Hare, P. A. G.},
%   title   = {Robert Boyle: Pioneer of experimental chemistry},
%   journal = {Books at Iowa},
%   year    = {1988},
%   volume  = {48},
%   number  = {1},
%   pages   = {6--20},
%   doi     = {10.17077/0006-7474.1149},
% }

% @Book{Leonardo1908,
%   author    = {da Vinci, Leonardo},
%   title     = {Frammenti letterari e filosofici},
%   year      = {1908},
%   publisher = {G. Barb{\`e}ra},
%   address   = {Firenze},
% }

% @Article{Newton1676,
%   author  = {Newton, Isaac},
%   title   = {Mr. Newton's answer to the precedent letter, sent to the publisher},
%   journal = {Philosophical Transactions of the Royal Society},
%   year    = {1676},
%   volume  = {11},
%   pages   = {698--705},
% }

% @MISC{Rathburn2012,
%   author = {Rathburn, Elizabeth Anne},
%   title = {Alhazen’s Method of Empiricism and its Contributions to Advancing Science},
%   year = {2012},
%   howpublished = {\url{http://humanstudy.org/2016/12/25/alhazens-method-of-empiricism-and-its-contributions-to-advancing-science/}},
%   note = {Accessed: 2018-10-05}
% }

% @article{Kerr1998,
%   author={Kerr, Norbert L},
%   title={HARKing: Hypothesizing after the results are known},
%   journal={Personality and Social Psychology Review},
%   volume={2},
%   number={3},
%   pages={196--217},
%   year={1998},
%   publisher={Sage Publications Sage CA: Los Angeles, CA}
% }


% @Article{Lv2013,
%   author    = {Lv, Jinchi and Liu, Jun S.},
%   title     = {Model selection principles in misspecified models},
%   journal   = {Journal of the Royal Statistical Society: Series B (Statistical Methodology)},
%   year      = {2013},
%   volume    = {76},
%   number    = {1},
%   pages     = {141--167},
%   doi       = { https://doi.org/10.1111/rssb.12023},
%   publisher = {Wiley},
% }

% @Article{Ribe1985,
%   author    = {Ribe, Neil M.},
%   title     = {Goethe's critique of {Newton}: A reconsideration},
%   journal   = {Studies in History and Philosophy of Science Part A},
%   year      = {1985},
%   volume    = {16},
%   number    = {4},
%   pages     = {315--335},
%   doi       = {https://doi.org/10.1016/0039-3681(85)90015-9},
%   publisher = {Elsevier},
% }


% @InCollection{Taper2011,
%   author    = {Taper, M. L. and Lele, S. R.},
%   title     = {Evidence, evidence functions, and error probabilities},
%   booktitle = {Philosophy of Statistics},
%   year      = {2011},
%   volume    = {7},
%   publisher = {Elsevier},
%   pages     = {513--532},
%   doi       = {https://doi.org/10.1016/B978-0-444-51862-0.50015-0},
%   address   = {Oxford},
% }

% @Article{McElreath2015,
%   author  = {McElreath, Richard and Smaldino, Paul E.},
%   title   = {Replication, communication, and the population dynamics of scientific discovery},
%   journal = {PLOS ONE},
%   year    = {2015},
%   volume  = {10},
%   number  = {8},
%   pages   = {1--16},
%   doi     = {https://doi.org/10.1371/journal.pone.0136088},
% }

% @book{Burnham2003,
%   title={Model selection and multimodel inference: a practical information-theoretic approach},
%   author={Burnham, Kenneth P and Anderson, David R},
%   year={2003},
%   publisher={Springer-Verlag, New York}
% }

% @book{Popper1959,
%   title={The logic of scientific discovery},
%   author={Popper, Karl Raimund},
%   year={1959},
%   publisher={London: Hutchinson}
% }

% @InCollection{Quine1976,
%   author    = {Quine, Willard van Orman},
%   title     = {Two dogmas of empiricism},
%   booktitle = {Can Theories be Refuted?},
%   year      = {1976},
%   publisher = {Springer},
%   pages     = {41--64},
%   doi       = {10.1007/978-94-010-1863-0\_2},
% }

% @Article{Munafo2017,
%   author  = {Munaf{\`o}, Marcus R. and Nosek, Brian A. and Bishop, Dorothy V. M. and Button, Katherine S. and Chambers, Christopher D. and du Sert, Nathalie Percie and Simonsohn, Uri and Wagenmakers, Eric-Jan and Ware, Jennifer J. and Ioannidis, John P. A.},
%   title   = {A manifesto for reproducible science},
%   journal = {Nature Human Behaviour},
%   year    = {2017},
%   volume  = {1},
%   number  = {0021},
%   pages   = {1--9},
%   doi     = {https://doi.org/10.1038/s41562-016-0021},
% }

% @Article{Bruns2016,
%   author    = {Bruns, Stephan B. and Ioannidis, John P. A.},
%   title     = {P-curve and p-hacking in observational research},
%   journal   = {PLOS ONE},
%   year      = {2016},
%   volume    = {11},
%   number    = {2},
%   pages     = {1--13},
%   doi       = {https://doi.org/10.1371/journal.pone.0149144},
%   publisher = {Public Library of Science ({PLoS})},
% }

% @Article{Open2015,
%   author  = {Open Science Collaboration},
%   title   = {Estimating the reproducibility of psychological science},
%   journal = {Science},
%   year    = {2015},
%   volume  = {349},
%   number  = {6251},
%   pages   = {Article aac4716-1--aac4716-8},
%   doi     = {10.1126/science.aac4716},
% }

% @Article{Errington2014,
%   author  = {Errington, Timothy M. and Iorns, Elizabeth and Gunn, William and Tan, Fraser E. and Lomax, Joelle and Nosek, Brian A.},
%   title   = {An open investigation of the reproducibility of cancer biology research},
%   journal = {{eLife}},
%   year    = {2014},
%   volume  = {3},
%   pages   = {e04333},
%   doi     = {10.7554/elife.04333},
% }

% @Book{Westfall1981,
%   author    = {Westfall, Richard S. and Devons, Samuel},
%   title     = {Never at rest: A biography of {Isaac Newton}},
%   year      = {1981},
%   publisher = {Cambridge University Press},
%   doi       = {10.1017/cbo9781107340664},
%   address   = {Cambridge},
% }

% @Book{national2017fostering,
%   author    = {{National Academies of Sciences, Engineering, and Medicine}},
%   title     = {Fostering integrity in research},
%   year      = {2017},
%   publisher = {National Academies Press},
%   doi       = {10.17226/21896},
%   address   = {Washington, D.C.},
% }

% @Article{Loken2017,
%   author  = {Loken, Eric and Gelman, Andrew},
%   title   = {Measurement error and the replication crisis},
%   journal = {Science},
%   year    = {2017},
%   volume  = {355},
%   number  = {6325},
%   pages   = {584--585},
%   doi     = {10.1126/science.aal3618},
% }

% @Article{Stanley2014,
%   author  = {Stanley, David J. and Spence, Jeffrey R.},
%   title   = {Expectations for replications: Are yours realistic?},
%   journal = {Perspectives on Psychological Science},
%   year    = {2014},
%   volume  = {9},
%   number  = {3},
%   pages   = {305--318},
%   doi     = {https://doi.org/10.1177/1745691614528518},
% }

% @Article{Baribault2018,
%   author  = {Baribault, Beth and Donkin, Chris and Little, Daniel R. and Trueblood, Jennifer S. and Oravecz, Zita and van Ravenzwaaij, Don and White, Corey N. and De Boeck, Paul and Vandekerckhove, Joachim},
%   title   = {Metastudies for robust tests of theory},
%   journal = {Proceedings of the National Academy of Sciences},
%   year    = {2018},
%   volume  = {115},
%   number  = {11},
%   pages   = {2607--2612},
%   doi     = {https://doi.org/10.1073/pnas.1708285114},
% }

% @Article{Borgman2012,
%   author    = {Borgman, Christine L.},
%   title     = {The conundrum of sharing research data},
%   journal   = {Journal of the American Society for Information Science and Technology},
%   year      = {2012},
%   volume    = {63},
%   number    = {6},
%   pages     = {1059--1078},
%   doi       = {https://doi.org/10.1002/asi.22634},
%   publisher = {Wiley},
% }

% @Article{Janssen2012,
%   author    = {Janssen, Marijn and Charalabidis, Yannis and Zuiderwijk, Anneke},
%   title     = {Benefits, adoption barriers and myths of open data and open government},
%   journal   = {Information systems management},
%   year      = {2012},
%   volume    = {29},
%   number    = {4},
%   pages     = {258--268},
%   publisher = {Taylor \& Francis},
% }

% @article{Cooper2014,
%   title={Implementations are not specifications: Specification, replication and experimentation in computational cognitive modeling},
%   author={Cooper, Richard P and Guest, Olivia},
%   journal={Cognitive Systems Research},
%   volume={27},
%   pages={42--49},
%   year={2014},
%   publisher={Elsevier}
% }

% @article{bowers2012bayesian,
%   title={Bayesian just-so stories in psychology and neuroscience.},
%   author={Bowers, Jeffrey S and Davis, Colin J},
%   journal={Psychological bulletin},
%   volume={138},
%   number={3},
%   pages={389},
%   year={2012},
%   publisher={American Psychological Association}
% }

% @Article{Hayes_2019_samplingframes,
%   Author = {B.K. Hayes and S. Banner and S. Forrester and D.J. Navarro},
%   Journal = {Cognitive Psychology},
%   Title = {Selective sampling and inductive inference: Drawing inferences based on observed and missing evidence},
%   Volume = {113},
%   Year = {2019},
%   Doi = {https://doi.org/10.1016/j.cogpsych.2019.05.003},
%   Psyarxiv = {https://doi.org/10.17605/OSF.IO/2M83V}
% }

% @article{Haig2005,
%   title={Exploratory factor analysis, theory generation, and scientific method},
%   author={Haig, Brian D},
%   journal={Multivariate Behavioral Research},
%   volume={40},
%   number={3},
%   pages={303--329},
%   year={2005},
%   publisher={Taylor \& Francis}
% }

% @misc{Paul2020,
%  title={Preregistration: A Solution to Undisclosed  Analytic Flexibility in ERP Research},
%  url={psyarxiv.com/4tgve},
%  DOI={10.31234/osf.io/4tgve},
%  publisher={PsyArXiv},
%  author={Paul, Mariella and Govaart, Gisela and Schettino, Antonio},
%  year={2020},
%  month={Nov}
% }

% @article{Tauber2017,
%   title={Bayesian models of cognition revisited: Setting optimality aside and letting data drive psychological theory.},
%   author={Tauber, Sean and Navarro, Daniel J and Perfors, Amy and Steyvers, Mark},
%   journal={Psychological review},
%   volume={124},
%   number={4},
%   pages={410},
%   year={2017},
%   publisher={American Psychological Association}
% }

% @article{Jones2011,
%   title={Bayesian fundamentalism or enlightenment? On the explanatory status and theoretical contributions of Bayesian models of cognition},
%   author={Jones, Matt and Love, Bradley C},
%   journal={Behavioral and brain sciences},
% }
