%% LaTeX2e file `bibliography.bib'
%% generated by the `filecontents' environment
%% from source `maxwell' on 2022/07/18.
%%

  @article{Gladwin2017,
    title       = {Carryover effects in spatial attentional bias tasks and their relationship to subclinical PTSD symptoms.},
    author      = {Gladwin, Thomas E.},
    number      = {4},
    volume      = {23},
    doi         = {10.1037/trm0000121},
    date        = {2017},
    pages       = {303},
    journal     = {Traumatology}
}


@article{Gladwin2019,
    title       = {Anticipation-specific reliability and trial-to-trial carryover of anticipatory attentional bias for threat},
    author      = {Gladwin, Thomas E. and Figner, Bernd and Vink, Matthijs},
    number      = {7},
    volume      = {31},
    doi         = {10.1080/20445911.2019.1659801},
    date         = {2019},
    pages       = {750-759},
    journal     = {Journal of Cognitive Psychology}
}


@article{Gladwin2020,
    title       = {Attentional bias for negative expressions depends on previous target location: replicable effect but unreliable measures},
    author      = {Gladwin, Thomas E. and Jewiss, Matt and Vink, Matthijs},
    doi         = {10.1080/20445911.2020.1805453},
    date         = {2020},
    pages       = {1-11},
    journal     = {Journal of Cognitive Psychology}
}


@article{Gladwin2019a,
    title       = {Trial-to-trial carryover effects on spatial attentional bias},
    author      = {Gladwin, Thomas E. and Figner, Bernd},
    volume      = {196},
    doi         = {10.1016/j.actpsy.2019.04.006},
    date         = {2019},
    pages       = {51-55},
    journal     = {Acta Psychologica}
}


@article{Becker2017,
    title       = {The capture of attention and gaze in the search for emotional photographic faces},
    author      = {Becker, Stefanie I. and Dutt, Neelam and Vromen, Joyce M. G. and Horstmann, Gernot},
    number      = {1-3},
    volume      = {25},
    doi         = {10.1080/13506285.2017.1333182},
    date         = {2017},
    pages       = {241-261},
    journal     = {Visual Cognition}
}


@article{Schubö2006,
    title       = {Detecting emotional faces and features in a visual search paradigm: Are faces special?},
    author      = {Schubö, Anna and Gendolla, Guido H. E. and Meinecke, Cristina and Abele, Andrea E.},
    number      = {2},
    volume      = {6},
    doi         = {10.1037/1528-3542.6.2.246},
    date         = {2006},
    pages       = {246-256},
    journal     = {Emotion}
}


@article{Desimone1995,
    title       = {Neural Mechanisms of Selective Visual Attention},
    author      = {Desimone, Robert and Duncan, John},
    date         = {1995},
    pages       = {30}
}


@article{Anderson2019,
    title       = {On the automaticity of attentional orienting to threatening stimuli.},
    author      = {Anderson, Brian A. and Britton, Mark K.},
    doi         = {10.1037/emo0000596},
    date         = {2019},
    journal     = {Emotion}
}


@article{MacLeod1986,
    title       = {Attentional bias in emotional disorders.},
    author      = {MacLeod, Colin and Mathews, Andrew and Tata, Philip},
    number      = {1},
    volume      = {95},
    doi         = {10.1037/0021-843X.95.1.15},
    date         = {1986},
    pages       = {15-20},
    journal     = {Journal of Abnormal Psychology}
}


@article{Carretié2014,
    title       = {Exogenous (automatic) attention to emotional stimuli: a review},
    author      = {Carretié, Luis},
    number      = {4},
    volume      = {14},
    doi         = {10.3758/s13415-014-0270-2},
    date         = {2014},
    pages       = {1228-1258},
    journal     = {Cognitive, Affective, \& Behavioral Neuroscience}
}


@article{Imhoff2019,
    title       = {Identification and location tasks rely on different mental processes: a diffusion model account of validity effects in spatial cueing paradigms with emotional stimuli},
    author      = {Imhoff, Roland and Lange, Jens and Germar, Markus},
    number      = {2},
    volume      = {33},
    doi         = {10.1080/02699931.2018.1443433},
    date         = {2019},
    pages       = {231-244},
    journal     = {Cognition and Emotion}
}


@article{Kruijt2018,
    title       = {A Meta-Analysis of Bias at Baseline in RCTs of Attention Bias Modification: No Evidence for Dot-Probe Bias Towards Threat in Clinical Anxiety and PTSD},
    author      = {Kruijt, Anne-Wil and Parsons, Sam and Fox, Elaine},
    date         = {2018},
    pages       = {11},
    journal     = {Journal of Abnormal Psychology}
}


@article{Mogg2017,
    title       = {Attention Bias Modification (ABM): Review of Effects of Multisession ABM Training on Anxiety and Threat-Related Attention in High-Anxious Individuals},
    author      = {Mogg, Karin and Waters, Allison M. and Bradley, Brendan P.},
    number      = {4},
    volume      = {5},
    doi         = {10.1177/2167702617696359},
    date         = {2017},
    pages       = {698-717},
    journal     = {Clinical Psychological Science}
}


@article{Schmukle2005,
    title       = {Unreliability of the dot probe task},
    author      = {Schmukle, Stefan C.},
    number      = {7},
    volume      = {19},
    doi         = {10.1002/per.554},
    date         = {2005},
    pages       = {595-605},
    journal     = {European Journal of Personality}
}


@article{Staugaard2009,
    title       = {Reliability of two versions of the dot-probe task using photographic faces},
    author      = {Staugaard, Søren Risløv},
    number      = {3},
    volume      = {51},
    date         = {2009},
    pages       = {339-350},
    journal     = {Psychological Science Quarterly}
}


@article{Hedge2018,
    title       = {The reliability paradox: Why robust cognitive tasks do not produce reliable individual differences},
    author      = {Hedge, Craig and Powell, Georgina and Sumner, Petroc},
    number      = {3},
    volume      = {50},
    doi         = {10.3758/s13428-017-0935-1},
    date         = {2018},
    pages       = {1166-1186},
    journal     = {Behavior Research Methods}
}


@article{Zvielli2015,
    title       = {Temporal Dynamics of Attentional Bias},
    author      = {Zvielli, Ariel and Bernstein, Amit and Koster, Ernst H. W.},
    number      = {5},
    volume      = {3},
    doi         = {10.1177/2167702614551572},
    date         = {2015},
    pages       = {772-788},
    journal     = {Clinical Psychological Science}
}


@article{Carlson2020,
    title       = {The stability and reliability of attentional bias measures in the dot-probe task: Evidence from both traditional mean bias scores and trial-level bias scores},
    author      = {Carlson, Joshua M and Fang, Lin},
    date         = {2020},
    pages       = {13},
    journal     = {Motivation and Emotion}
}


@article{Kruijt2016,
    title       = {Capturing Dynamics of Biased Attention: Are New Attention Variability Measures the Way Forward?},
    author      = {Kruijt, Anne-Wil and Field, Andy P. and Fox, Elaine},
    number      = {11},
    volume      = {11},
    doi         = {10.1371/journal.pone.0166600},
    date         = {2016},
    pages       = {e0166600},
    journal     = {PLOS ONE}
}


@article{Panksepp2011,
    title       = {What is Basic about Basic Emotions? Lasting Lessons from Affective Neuroscience},
    author      = {Panksepp, Jaak and Watt, Douglas},
    number      = {4},
    volume      = {3},
    doi         = {10.1177/1754073911410741},
    date         = {2011},
    pages       = {387-396},
    journal     = {Emotion Review}
}


@article{Carlson2014,
    title       = {Attending to the fear in your eyes: Facilitated orienting and delayed disengagement},
    author      = {Carlson, Joshua M. and Reinke, Karen S.},
    number      = {8},
    volume      = {28},
    doi         = {10.1080/02699931.2014.885410},
    date         = {2014},
    pages       = {1398-1406},
    journal     = {Cognition and Emotion}
}


@article{Fox2001,
    title       = {Do threatening stimuli draw or hold visual attention in subclinical anxiety?},
    author      = {Fox, Elaine and Russo, Riccardo and Bowles, Robert and Dutton, Kevin},
    number      = {4},
    volume      = {130},
    doi         = {10.1037/0096-3445.130.4.681},
    date         = {2001},
    pages       = {681-700},
    journal     = {Journal of Experimental Psychology: General}
}


@article{Cane2009,
    title       = {The addiction Stroop task: examining the fast and slow effects of smoking and marijuana-related cues},
    author      = {Cane, Je and Sharma, D and Albery, Ip},
    number      = {5},
    volume      = {23},
    doi         = {10.1177/0269881108091253},
    date         = {2009},
    pages       = {510-519},
    journal     = {Journal of Psychopharmacology}
}


@article{Clarke2015,
    title       = {Examining fast and slow effects for alcohol and negative emotion in problem and social drinkers},
    author      = {Clarke, Simon Paul and Sharma, Dinkar and Salter, Daniel},
    number      = {1},
    volume      = {23},
    doi         = {10.3109/16066359.2014.922961},
    date         = {2015},
    pages       = {24-33},
    journal     = {Addiction Research \& Theory}
}


@article{Waters2005,
    title       = {Generalizability of carry-over effects in the emotional Stroop task},
    author      = {Waters, Andrew J. and Sayette, Michael A. and Franken, Ingmar H.A. and Schwartz, Joseph E.},
    number      = {6},
    volume      = {43},
    doi         = {10.1016/j.brat.2004.06.003},
    date         = {2005},
    pages       = {715-732},
    journal     = {Behaviour Research and Therapy}
}


@article{Wilson2007,
    title       = {Carry-over effects of smoking cue exposure on working memory performance},
    author      = {Wilson, Stephen J. and Sayette, Michael A. and Fiez, Julie A. and Brough, Elizabeth},
    number      = {5},
    volume      = {9},
    doi         = {10.1080/14622200701243144},
    date         = {2007},
    pages       = {613-619},
    journal     = {Nicotine \& Tobacco Research}
}


@article{Hill2016,
    title       = {Exploring Carry-Over Effects to Elucidate Attention Bias Modification's Mixed Results},
    author      = {Hill, Mackenna and Duval, Elizabeth},
    publisher   = {Journal of Young Investigators},
    date         = {2016},
}


@article{Hedger2016,
    title       = {Are visual threats prioritized without awareness? A critical review and meta-analysis involving 3 behavioral paradigms and 2696 observers.},
    author      = {Hedger, Nicholas and Gray, Katie L. H. and Garner, Matthew and Adams, Wendy J.},
    number      = {9},
    volume      = {142},
    doi         = {10.1037/bul0000054},
    date         = {2016},
    pages       = {934-968},
    journal     = {Psychological Bulletin}
}



@article{Gur2002,
    title       = {A method for obtaining 3-dimensional facial expressions and its standardization for use in neurocognitive studies},
    author      = {Gur, Ruben C. and Sara, Radim and Hagendoorn, Michiel and Marom, Oren and Hughett, Paul and Macy, Larry and Turner, Travis and Bajcsy, Ruzena and Posner, Aaron and Gur, Raquel E.},
    number      = {2},
    volume      = {115},
    doi         = {10.1016/S0165-0270(02)00006-7},
    date         = {2002},
    pages       = {137-143},
    journal     = {Journal of Neuroscience Methods}
}


@article{Lundqvist1998,
    title       = {The Karolinska Directed Emotional Faces (KDEF)},
    author      = {Lundqvist and Flykt, A and Ohman, A},
    publisher   = {Stockholm : Department of Neurosciences Karolinska Hospital.},
    date         = {1998},
}


@article{Lang2008,
    title       = {International affective picture system (IAPS) : affective ratings of pictures and instruction manual},
    author      = {Lang, PJ},
    date         = {2008},
    journal     = {Technical Report}
}


@article{Posner1985,
    title       = {Inhibition of return: Neural basis and function},
    author      = {Posner, Michael I. and Rafal, Robert D. and Choate, Lisa S. and Vaughan, Jonathan},
    number      = {3},
    volume      = {2},
    doi         = {10.1080/02643298508252866},
    date         = {1985},
    pages       = {211-228},
    journal     = {Cognitive Neuropsychology}
}


@article{Duthoo2014,
    title       = {The heterogeneous world of congruency sequence effects: an update},
    author      = {Duthoo, Wout and Abrahamse, Elger L. and Braem, Senne and Boehler, Carsten N. and Notebaert, Wim},
    volume      = {5},
    doi         = {10.3389/fpsyg.2014.01001},
    date         = {2014},
    journal     = {Frontiers in Psychology}
}


@article{Mogg1998,
    title       = {A cognitive-motivational analysis of anxiety},
    author      = {Mogg, Karin and Bradley, Brendan P.},
    number      = {9},
    volume      = {36},
    doi         = {10.1016/S0005-7967(98)00063-1},
    date         = {1998},
    pages       = {809-848},
    journal     = {Behaviour Research and Therapy}
}


@article{Ho2019,
    title       = {Moving beyond P values: data analysis with estimation graphics},
    author      = {Ho, Joses and Tumkaya, Tayfun and Aryal, Sameer and Choi, Hyungwon and Claridge-Chang, Adam},
    number      = {7},
    volume      = {16},
    doi         = {10.1038/s41592-019-0470-3},
    date         = {2019},
    pages       = {565-566},
    journal     = {Nature Methods}
}

@article{Gillich2019,
title = {Independent control processes? Evidence for concurrent distractor inhibition and attentional usage of distractor information},
journal = {Acta Psychologica},
volume = {198},
pages = {102879},
year = {2019},
issn = {0001-6918},
doi = {https://doi.org/10.1016/j.actpsy.2019.102879},
url = {https://www.sciencedirect.com/science/article/pii/S0001691819300241},
author = {Imke M. Gillich and Thomas Jacobsen and Miriam Tomat and Mike Wendt},
keywords = {Cognitive control, Distractor processing, Proportion Congruent Effect, Attentional adjustment},
}

@article {vanMoorselaar2019,
 author = {van Moorselaar, Dirk and Slagter, Heleen A.},
 title = {Learning What Is Irrelevant or Relevant: Expectations Facilitate Distractor Inhibition and Target Facilitation through Distinct Neural Mechanisms},
 volume = {39},
 number = {35},
 pages = {6953--6967},
 year = {2019},
 doi = {10.1523/JNEUROSCI.0593-19.2019},
 publisher = {Society for Neuroscience},
 issn = {0270-6474},
 URL = {https://www.jneurosci.org/content/39/35/6953},
 eprint = {https://www.jneurosci.org/content/39/35/6953.full.pdf},
 journal = {Journal of Neuroscience}
}


