@article{AdamsUsing,
	author = {Adams, D.C. and Anthony, C.D.},
	journaltitle = {Animal Behaviour},
	doi = {10.1006/anbe.1996.0077},
	number = {4},
	pages = {733--738},
	title = {Using randomization techniques to analyse behavioural data},
	url = {https://doi.org/https://doi.org/10.1006/anbe.1996.0077},
	volume = {51},
}
@article{BarlowSingle,
	author = {Barlow, D.H. and Nock, M.K. and Hersen, M.},
	edition = {3rd},
	location = {{Pearson/Allyn and Bacon}},
	title = {Single case experimental designs: Strategies for studying behavior change},
}
@article{BouwmeesterPower,
	author = {Bouwmeester, S. and Jongerling, J.},
	journaltitle = {PLoS ONE},
	doi = {10.1371/journal.pone.0228355},
	number = {2},
	pages = {1--21},
	title = {Power of a randomization test in a single case multiple baseline {AB} design},
	url = {https://doi.org/10.1371/journal.pone.0228355},
	volume = {15},
}
@article{BreivikSurvey,
	author = {Breivik, H. and Collett, B. and Ventafridda, V. and Cohen, R. and Gallacher, D.},
	journaltitle = {European Journal of Pain (London},
	doi = {10.1016/j.ejpain.2005.06.009},
	number = {4},
	pages = {287--333},
	title = {Survey of chronic pain in {Europe}: Prevalence, impact on daily life, and treatment},
	url = {https://doi.org/10.1016/j.ejpain.2005.06.009},
	volume = {10},
}
@article{BuskAutocorrelation,
	author = {Busk, P.L. and Marascuilo, L.A.},
	journaltitle = {Behavioral Assessment},
	number = {3},
	pages = {229--242},
	title = {Autocorrelation in single-subject research: A counterargument to the myth of no autocorrelation},
	volume = {10},
}
@article{CohenStatistical,
	author = {Cohen, J.},
	doi = {10.4324/9780203771587},
	edition = {2nd},
	note = {Routledge.},
	title = {Statistical power analysis for the behavioral sciences},
	url = {https://doi.org/10.4324/9780203771587},
}
@article{CostaPrognosis,
	author = {Costa, L.da C.M. and Maher, C.G. and McAuley, J.H. and Hancock, M.J. and Herbert, R.D. and Refshauge, K.M. and Henschke, N.},
	journaltitle = {BMJ},
	doi = {10.1136/bmj.b3829},
	pages = {3829},
	title = {Prognosis for patients with chronic low back pain: Inception cohort study},
	url = {https://doi.org/10.1136/bmj.b3829},
	volume = {339},
}
@article{Design,
	author = {Design, Dancer},
	note = {Tactor.},
	url = {http://www.dancerdesign.co.uk/tactor.html},
}
@article{DeHandling,
	author = {De, T.K. and Michiels, B. and Tanious, R. and Onghena, P.},
	journaltitle = {Behavior Research Methods},
	doi = {10.3758/s13428-019-01320-3},
	number = {3},
	pages = {1355--1370},
	title = {Handling missing data in randomization tests for single-case experiments: A simulation study},
	url = {https://doi.org/10.3758/s13428-019-01320-3},
	volume = {52},
}
@article{DeShiny,
	author = {De, T.K. and Michiels, B. and Vlaeyen, J.W.S. and Onghena, P.},
	title = {Shiny {SCDA}},
	url = {https://ppw.kuleuven.be/mesrg/software-and-apps/shiny-scda},
}
@article{LimitedDS7A,
	author = {Limited, Digitimer},
	title = {DS7A {High} {Voltage} {Constant} {Current} {Stimulator}},
	url = {https://www.digitimer.com/product/human-neurophysiology/peripheral-stimulators/ds7a-ds7ah-hv-current-stimulator/},
}
@article{EdgingtonApproximate,
	author = {Edgington, E.S.},
	journaltitle = {The Journal of Psychology},
	doi = {10.1080/00223980.1969.10543491},
	number = {2},
	pages = {143--149},
	title = {Approximate randomization tests},
	url = {https://doi.org/10.1080/00223980.1969.10543491},
	volume = {72},
}
@article{EdgingtonRandomization,
	author = {Edgington, E.S.},
	journaltitle = {Journal of Psychology},
	doi = {10.1080/00223980.1975.9923926},
	number = {1},
	pages = {57},
	title = {Randomization tests for one-subject operant experiments},
	url = {https://doi.org/10.1080/00223980.1975.9923926},
	volume = {90},
}
@book{EdgingtonRandomization,
	author = {Edgington, E.S. and Onghena, P.},
	edition = {4th},
	publisher = {Chapman & Hall/CRC},
	title = {Randomization tests},
}
@article{Ferronpower,
	author = {Ferron, J. and Onghena, P.},
	journaltitle = {Journal of Experimental Education},
	doi = {10.1080/00220973.1996.9943805},
	number = {3},
	pages = {231--239},
	title = {The power of randomization tests for single-case phase designs},
	url = {https://doi.org/10.1080/00220973.1996.9943805},
	volume = {64},
}
@article{FerronStatistical,
	author = {Ferron, J. and Sentovich, C.},
	journaltitle = {Journal of Experimental Education},
	doi = {10.1080/00220970209599504},
	number = {2},
	pages = {165--178},
	title = {Statistical power of randomization tests used with multiple-baseline designs},
	url = {https://doi.org/10.1080/00220970209599504},
	volume = {70},
}
@article{FerronAnalyzing,
	author = {Ferron, J. and Ware, W.},
	journaltitle = {The Journal of Experimental Education},
	number = {2},
	pages = {167--178},
	title = {Analyzing single-case data: The power of randomization tests},
	volume = {63},
}
@article{FosterPrevention,
	author = {Foster, N.E. and Anema, J.R. and Cherkin, D. and Chou, R. and Cohen, S.P. and Gross, D.P. and Ferreira, P.H. and Fritz, J.M. and Koes, B.W. and Peul, W. and Turner, J.A. and Maher, C.G. and Buchbinder, R. and Hartvigsen, J. and Cherkin, D. and Foster, N.E. and Maher, C.G. and Underwood, M. and Tulder, M. and Woolf, A.},
	journaltitle = {The Lancet},
	doi = {10.1016/S0140-6736(18)30489-6},
	number = {10137},
	pages = {2368--2383},
	title = {Prevention and treatment of low back pain: Evidence, challenges, and promising directions},
	url = {https://doi.org/10.1016/S0140-6736(18)30489-6},
	volume = {391},
}
@article{HeyvaertAnalysis,
	author = {Heyvaert, M. and Onghena, P.},
	journaltitle = {Neuropsychological Rehabilitation},
	doi = {10.1080/09602011.2013.818564},
	number = {3--4},
	pages = {507--527},
	title = {Analysis of single-case data: Randomisation tests for measures of effect size},
	url = {https://doi.org/10.1080/09602011.2013.818564},
	volume = {24},
}
@article{HeyvaertRandomization,
	author = {Heyvaert, M. and Onghena, P.},
	journaltitle = {Journal of Contextual Behavioral Science},
	doi = {10.1016/j.jcbs.2013.10.002},
	number = {1},
	pages = {51--64},
	title = {Randomization tests for single-case experiments: State of the art, state of the science, and state of the application},
	url = {https://doi.org/10.1016/j.jcbs.2013.10.002},
	volume = {3},
}
@article{Hopesimplified,
	author = {Hope, A.C.A.},
	journaltitle = {Journal of the Royal Statistical Society. Series B (Methodological},
	number = {3},
	pages = {582--598},
	title = {A simplified {Monte} {Carlo} significance test procedure},
	url = {http://www.jstor.org/stable/2984263},
	volume = {30},
}
@article{Horneruse,
	author = {Horner, R.H. and Carr, E.G. and Halle, J. and Mcgee, G. and Odom, S. and Wolery, M.},
	journaltitle = {Exceptional Children},
	doi = {10.1177/001440290507100203},
	number = {2},
	pages = {165--179},
	title = {The use of single-subject research to identify evidence-based practice in special education},
	url = {https://doi.org/10.1177/001440290507100203},
	volume = {71},
}
@book{KazdinSingle,
	author = {Kazdin, A.E.},
	edition = {2nd},
	publisher = {Oxford University Press},
	title = {Single-case research designs: Methods for clinical and applied settings},
}
@article{KratochwillSingle,
	author = {Kratochwill, T.R. and Hitchcock, J. and Horner, R.H. and Levin, J.R. and Odom, S.L. and Rindskopf, D.M. and Shadish, W.R.},
	title = {Single-case design technical documentation},
	url = {https://ies.ed.gov/ncee/wwc/Docs/ReferenceResources/wwc_scd.pdf},
}
@article{KratochwillEnhancing,
	author = {Kratochwill, T.R. and Levin, J.R.},
	journaltitle = {Psychological Methods},
	doi = {10.1037/a0017736},
	number = {2},
	pages = {124--144},
	title = {Enhancing the scientific credibility of single-case intervention research: Randomization to the rescue},
	url = {https://doi.org/10.1037/a0017736},
	volume = {15},
}
@article{LevinComparison,
	author = {Levin, J.R. and Ferron, J.M. and Gafurov, B.S.},
	journaltitle = {Developmental Neurorehabilitation},
	doi = {10.1080/17518423.2016.1197708},
	number = {5},
	pages = {290--311},
	title = {Comparison of randomization-test procedures for single-case multiple-baseline designs},
	url = {https://doi.org/10.1080/17518423.2016.1197708},
	volume = {21},
}
@article{MaddenPain,
	author = {Madden, V.J. and Bellan, V. and Russek, L.N. and Camfferman, D. and Vlaeyen, J.W.S. and Moseley, G.L.},
	journaltitle = {Journal of Pain},
	doi = {10.1016/j.jpain.2016.06.012},
	number = {10},
	pages = {1105--1115},
	title = {Pain by association? {Experimental} modulation of human pain thresholds using classical conditioning},
	url = {https://doi.org/10.1016/j.jpain.2016.06.012},
	volume = {17},
}
@article{MaddenWas,
	author = {Madden, V.J. and Kamerman, P.R. and Bellan, V. and Catley, M.J. and Russek, L.N. and Camfferman, D. and Moseley, G.L.},
	journaltitle = {Journal of Pain},
	doi = {10.1016/j.jpain.2018.10.006},
	number = {4},
	pages = {472 1--472 12},
	title = {Was that painful or nonpainful? {The} {Sensation} and {Pain} {Rating} {Scale} performs well in the experimental context},
	url = {https://doi.org/10.1016/j.jpain.2018.10.006},
	volume = {20},
}
@article{MaddenClassical,
	author = {Madden, V.J. and Russek, L.N. and Harvie, D.S. and Vlaeyen, J.W.S. and Moseley, G.L.},
	journaltitle = {Pain Medicine},
	doi = {10.1093/pm/pnw221},
	number = {7},
	pages = {1314--1325},
	title = {Classical conditioning fails to elicit allodynia in an experimental study with healthy humans},
	url = {https://doi.org/10.1093/pm/pnw221},
	volume = {18},
}
@article{ManolovRecommendations,
	author = {Manolov, R. and Moeyaert, M.},
	journaltitle = {Behavior Therapy},
	doi = {10.1016/j.beth.2016.04.008},
	number = {1},
	pages = {97--114},
	title = {Recommendations for choosing single-case data analytical techniques},
	url = {https://doi.org/10.1016/j.beth.2016.04.008},
	volume = {48},
}
@article{ManolovAnalytical,
	author = {Manolov, R. and Solanas, A.},
	journaltitle = {Brain Impairment},
	doi = {10.1017/BrImp.2017.17},
	number = {1},
	pages = {18--32},
	title = {Analytical options for single-case experimental designs: Review and application to brain impairment},
	url = {https://doi.org/10.1017/BrImp.2017.17},
	volume = {19},
}
@article{MatyasVisual,
	author = {Matyas, T.A. and Greenwood, K.M.},
	journaltitle = {Journal of Applied Behavior Analysis},
	doi = {10.1901/jaba.1990.23-341},
	number = {3},
	pages = {341--351},
	title = {Visual analysis of single-case time series: Effects of variability, serial dependence, and magnitude of intervention effects},
	url = {https://doi.org/10.1901/jaba.1990.23-341},
	volume = {23},
}
@article{Michielsconditional,
	author = {Michiels, B. and Heyvaert, M. and Onghena, P.},
	journaltitle = {Behavior Research Methods},
	doi = {10.3758/s13428-017-0885-7},
	number = {2},
	pages = {557--575},
	title = {The conditional power of randomization tests for single-case effect sizes in designs with randomized treatment order: A {Monte} {Carlo} simulation study},
	url = {https://doi.org/10.3758/s13428-017-0885-7},
	volume = {50},
}
@article{MichielsRandomized,
	author = {Michiels, B. and Onghena, P.},
	journaltitle = {Behavior Research Methods},
	doi = {10.3758/s13428-018-1084-x},
	number = {6},
	pages = {2454--2476},
	title = {Randomized single-case {AB} phase designs: Prospects and pitfalls},
	url = {https://doi.org/10.3758/s13428-018-1084-x},
	volume = {51},
}
@article{Michielsrandomization,
	author = {Michiels, B. and Tanious, R. and De, T.K. and Onghena, P.},
	journaltitle = {Behavior Research Methods},
	doi = {10.3758/s13428-019-01266-6},
	number = {2},
	pages = {654--666},
	title = {A randomization test wrapper for synthesizing single-case experiments using multilevel models: A {Monte} {Carlo} simulation study},
	url = {https://doi.org/10.3758/s13428-019-01266-6},
	volume = {52},
}
@article{MoseleyBeyond,
	author = {Moseley, G.L. and Vlaeyen, J.W.S.},
	journaltitle = {Pain},
	doi = {10.1016/j.pain.0000000000000014},
	number = {1},
	pages = {35--38},
	title = {Beyond nociception: The imprecision hypothesis of chronic pain},
	url = {https://doi.org/10.1016/j.pain.0000000000000014},
	volume = {156},
}
@article{OnghenaRandomization,
	author = {Onghena, P.},
	journaltitle = {Behavioral Assessment},
	number = {2},
	pages = {153--171},
	title = {Randomization tests for extensions and variations of {ABAB} single-case experimental designs: A rejoinder},
	volume = {14},
}
@inbook{OnghenaSinglecase,
	author = {Onghena, P.},
	booktitle = {Encyclopedia of statistics in behavioral science},
	doi = {10.1002/0470013192.bsa625},
	editor = {Everitt, B. and Howell, D.},
	pages = {1850--1854},
	publisher = {John Wiley & Sons, Ltd},
	title = {Singlecase designs},
	url = {https://doi.org/10.1002/0470013192.bsa625},
	volume = {4},
}
@article{OttenbacherWhen,
	author = {Ottenbacher, K.J.},
	journaltitle = {The Journal of Special Education},
	doi = {10.1177/002246699002300407},
	number = {4},
	pages = {436--449},
	title = {When is a picture worth a thousand p values? {A} comparison of visual and quantitative methods to analyze single subject data},
	url = {https://doi.org/10.1177/002246699002300407},
	volume = {23},
}
@book{PavlovLectures,
	author = {Pavlov, I.P.},
	doi = {10.1037/11081-000},
	publisher = {Liverwright Publishing Corporation},
	title = {Lectures on conditioned reflexes: Twenty-five years of objective study of the higher nervous activity (behaviour) of animals},
	url = {https://doi.org/10.1037/11081-000},
}
@article{SmithSingle,
	author = {Smith, J.D.},
	journaltitle = {Psychological Methods},
	doi = {10.1037/a0029312},
	number = {4},
	pages = {510--550},
	title = {Single-case experimental designs: A systematic review of published research and current standards},
	url = {https://doi.org/10.1037/a0029312},
	volume = {17},
}
@article{SolomonViolations,
	author = {Solomon, B.G.},
	journaltitle = {Behavior Modification},
	doi = {10.1177/0145445513510931},
	number = {4},
	pages = {477--496},
	title = {Violations of assumptions in school-based single-case data: Implications for the selection and interpretation of effect sizes},
	url = {https://doi.org/10.1177/0145445513510931},
	volume = {38},
}
@article{SpruytAffect,
	author = {Spruyt, A. and Clarysse, J. and Vansteenwegen, D. and Baeyens, F. and Hermans, D.},
	journaltitle = {Experimental Psychology},
	doi = {10.1027/1618-3169/a000005},
	number = {1},
	pages = {36--45},
	title = {Affect 4.0: A free software package for implementing psychological and psychophysiological experiments},
	url = {https://doi.org/10.1027/1618-3169/a000005},
	volume = {57},
}
@article{TraxlerModulating,
	author = {Traxler, J. and Madden, V.J. and Moseley, G.L. and Vlaeyen, J.W.S.},
	journaltitle = {PeerJ},
	doi = {10.7717/peerj.6486},
	number = {3},
	pages = {1--20},
	title = {Modulating pain thresholds through classical conditioning},
	url = {https://doi.org/10.7717/peerj.6486},
	volume = {2019},
}
@article{TreedeChronic,
	author = {Treede, R.D. and Rief, W. and Barke, A. and Aziz, Q. and Bennett, M.I. and Benoliel, R. and Cohen, M. and Evers, S. and Finnerup, N.B. and First, M.B. and Giamberardino, M.A. and Kaasa, S. and Korwisi, B. and Kosek, E. and Lavand\textquoteright{}Homme, P. and Nicholas, M. and Perrot, S. and Scholz, J. and Schug, S. and Wang, S.J.},
	journaltitle = {Pain},
	doi = {10.1097/j.pain.0000000000001384},
	number = {1},
	pages = {19--27},
	title = {Chronic pain as a symptom or a disease: The {IASP} classification of chronic pain for the {International} {Classification} of {Diseases} ({ICD}-11},
	url = {https://doi.org/10.1097/j.pain.0000000000001384},
	volume = {160},
}
@article{TsangCommon,
	author = {Tsang, A. and Korff, M. and Lee, S. and Alonso, J. and Karam, E. and Angermeyer, M.C. and Borges, G.L.G. and Bromet, E.J. and Demytteneare, K. and Girolamo, G. and Graaf, R. and Gureje, O. and Lepine, J.-P. and Haro, J.M. and Levinson, D. and Oakley Browne, M.A. and Posada-Villa, J. and Seedat, S. and Watanabe, M.},
	journaltitle = {The Journal of Pain},
	doi = {10.1016/j.jpain.2008.05.005},
	number = {10},
	pages = {883--891},
	title = {Common chronic pain conditions in developed and developing countries: Gender and age differences and comorbidity with depression-anxiety disorders},
	url = {https://doi.org/10.1016/j.jpain.2008.05.005},
	volume = {9},
}
@article{VlaeyenFear,
	author = {Vlaeyen, J.W.S. and Linton, S.J.},
	journaltitle = {Pain},
	doi = {10.1016/s0304-3959(99)00242-0},
	number = {3},
	pages = {317--332},
	title = {Fear-avoidance and its consequences in chronic musculoskeletal pain: A state of the art},
	url = {https://doi.org/10.1016/s0304-3959(99)00242-0},
	volume = {85},
}
@article{VlaeyenFear,
	author = {Vlaeyen, J.W.S. and Linton, S.J.},
	journaltitle = {Pain},
	doi = {10.1016/j.pain.2011.12.009},
	number = {6},
	pages = {1144--1147},
	title = {Fear-avoidance model of chronic musculoskeletal pain: 12 years on},
	url = {https://doi.org/10.1016/j.pain.2011.12.009},
	volume = {153},
}
@article{VlaeyenFrom,
	author = {Vlaeyen, J.W.S. and Wicksell, R.K. and Simons, L.E. and Gentili, C. and De, T.K. and Tate, R.L. and Vohra, S. and Punja, S. and Linton, S.J. and Sniehotta, F.F. and Onghena, P.},
	journaltitle = {The Psychological Record},
	doi = {10.1007/s40732-020-00402-5},
	pages = {659--670},
	title = {From {Boulder} to {Stockholm} in 70 years: Single case experimental designs in clinical research},
	url = {https://doi.org/10.1007/s40732-020-00402-5},
	volume = {70},
}
@report{Vohra,
	author = {Vohra, S. and Shamseer, L. and Sampson, M. and Bukutu, C. and Schmid, C.H. and Tate, R. and Nikles, J. and Zucker, D.R. and Kravitz, R. and Guyatt, G. and Altman, D.G. and Moher, D.},
	doi = {10.1136/bmj.h1738},
	note = {CONSORT extension for reporting N-of-1 trials (CENT) 2015 statement. BMJ (Clinical Research Ed.), 350, h1738.},
	url = {https://doi.org/10.1136/bmj.h1738},
}
@article{WillkinsonStatistical,
	author = {Willkinson, L.},
	journaltitle = {American Psychologist},
	doi = {10.1037/0003-066X.54.8.594},
	number = {8},
	pages = {594--604},
	title = {Statistical methods in psychology journals: Guidelines and explanations},
	url = {https://doi.org/10.1037/0003-066X.54.8.594},
	volume = {54},
}
@article{WoolfEvidence,
	author = {Woolf, C.J.},
	journaltitle = {Nature},
	doi = {10.1038/306686a0},
	number = {5944},
	pages = {686--688},
	title = {Evidence for a central component of post-injury pain hypersensitivity},
	url = {https://doi.org/10.1038/306686a0},
	volume = {306},
}
@article{WoolfCentral,
	author = {Woolf, C.J.},
	journaltitle = {Pain},
	doi = {10.1016/j.pain.2010.09.030},
	number = {3 Suppl},
	title = {Central sensitization: Implications for the diagnosis and treatment of pain},
	url = {https://doi.org/10.1016/j.pain.2010.09.030},
	volume = {152},
}

