
@article{Albarqouni2016,
  title = {Aggnet: {{Deep}} Learning from Crowds for Mitosis Detection in Breast Cancer Histology Images},
  author = {Albarqouni, S. and Baur, C. and Achilles, F. and Belagiannis, V. and Demirci, S. and Navab, N.},
  date = {2016-05},
  journaltitle = {IEEE transactions on medical imaging},
  volume = {35},
  pages = {1313--1321},
  doi = {10.1109/tmi.2016.2528120},
  number = {5}
}

@incollection{Andrews2002,
  title = {Support Vector Machines for Multiple-Instance Learning},
  booktitle = {Advances in Neural Information Processing Systems ({{NIPS}})},
  author = {Andrews, S. and Tsochantaridis, I. and Hofmann, T.},
  date = {2002},
  pages = {561--568}
}

@article{Bejnordi2017,
  title = {Diagnostic Assessment of Deep Learning Algorithms for Detection of Lymph Node Metastases in Women with Breast Cancer},
  author = {Bejnordi, B. E. and Veta, M. and van Diest, P. J. and van Ginneken, B. and Karssemeijer, N. and Litjens, G. and van der Laak, J. A. and Hermsen, M. and Manson, Q. F. and Balkenhol, M.},
  date = {2017},
  journaltitle = {JAMA},
  volume = {318},
  pages = {2199--2210},
  doi = {10.1001/jama.2017.14585},
  more-authors = {true},
  number = {22},
  options = {useprefix=true}
}

@incollection{Bi2008a,
  title = {An {{Improved Multi}}-Task {{Learning Approach}} with {{Applications}} in {{Medical Diagnosis}}},
  booktitle = {Machine {{Learning}} and {{Knowledge Discovery}} in {{Databases}}},
  author = {Bi, Jinbo and Xiong, Tao and Yu, Shipeng and Dundar, Murat and Rao, R. Bharat},
  editor = {Daelemans, Walter and Goethals, Bart and Morik, Katharina},
  date = {2008},
  volume = {5211},
  pages = {117--132},
  publisher = {{Springer Berlin Heidelberg}},
  location = {{Berlin, Heidelberg}},
  issn = {0302-9743, 1611-3349},
  doi = {10.1007/978-3-540-87479-9_26},
  file = {/home/thomas/OneDrive/HPS/Thesis/Papers/bbb/BiJ et al_2008_An_Improved_Multi-task_Learning_Approach_with_Applications_in_Medical_Diagnosis.pdf},
  isbn = {978-3-540-87478-2 978-3-540-87479-9},
  langid = {english},
  series = {Lecture {{Notes}} in {{Computer Science}}}
}

@article{Breiman1996a,
  title = {Bagging {{Predictors}}},
  author = {Breiman, Leo},
  date = {1996},
  journaltitle = {Machine Learning},
  volume = {24},
  pages = {123--140},
  issn = {08856125},
  doi = {10.1023/A:1018054314350},
  file = {/home/thomas/OneDrive/HPS/Thesis/Papers/bbb/BreimanL_1996_[No_title_found].pdf;/home/thomas/Zotero/storage/29VIBK8G/breiman1996.pdf},
  number = {2}
}

@article{Carbonneau2016,
  title = {Robust Multiple-Instance Learning Ensembles Using Random Subspace Instance Selection},
  author = {Carbonneau, M.-A. and Granger, E. and Raymond, A. J. and Gagnon, G.},
  date = {2016},
  journaltitle = {Pattern Recognition},
  volume = {58},
  pages = {83--99},
  doi = {10.1016/j.patcog.2016.03.035}
}

@article{Carbonneau2018,
  title = {Multiple Instance Learning: {{A}} Survey of Problem Characteristics and Applications},
  shorttitle = {Multiple Instance Learning},
  author = {Carbonneau, Marc-André and Cheplygina, Veronika and Granger, Eric and Gagnon, Ghyslain},
  date = {2018-05},
  journaltitle = {Pattern Recognition},
  shortjournal = {Pattern Recognition},
  volume = {77},
  pages = {329--353},
  issn = {00313203},
  doi = {10.1016/j.patcog.2017.10.009},
  file = {/home/thomas/OneDrive/HPS/Thesis/Papers/bbb/CarbonneauM et al_2018_Multiple_instance_learning_A_survey_of_problem_characteristics_and_applications.pdf;/home/thomas/Zotero/storage/3HP85PUM/Carbonneau et al. - 2018 - Multiple instance learning A survey of problem ch.pdf},
  langid = {english}
}

@incollection{Caruana1998a,
  title = {Multitask {{Learning}}},
  booktitle = {Learning to {{Learn}}},
  author = {Caruana, Rich},
  editor = {Thrun, Sebastian and Pratt, Lorien},
  date = {1998},
  pages = {95--133},
  publisher = {{Springer US}},
  location = {{Boston, MA}},
  doi = {10.1007/978-1-4615-5529-2_5},
  isbn = {978-1-4613-7527-2 978-1-4615-5529-2},
  langid = {english}
}

@article{Chen2006,
  title = {{{MILES}}: {{Multiple}}-Instance Learning via Embedded Instance Selection},
  author = {Chen, Y. and Bi, J. and Wang, J.},
  date = {2006},
  journaltitle = {IEEE Transactions on Pattern Analysis and Machine Intelligence},
  volume = {28},
  pages = {1931--1947},
  doi = {10.1109/tpami.2006.248},
  number = {12}
}

@article{Cheng2015,
  title = {Multimodal Manifold-Regularized Transfer Learning for {{MCI}} Conversion Prediction},
  author = {Cheng, B. and Liu, M. and Suk, H.-I. and Shen, D.},
  date = {2015},
  journaltitle = {Brain imaging and behavior},
  volume = {9},
  pages = {1--14},
  doi = {10.1007/s11682-015-9356-x},
  more-authors = {true},
  number = {4}
}

@inproceedings{Cheplygina2014,
  title = {Classification of {{COPD}} with {{Multiple Instance Learning}}},
  booktitle = {2014 22nd {{International Conference}} on {{Pattern Recognition}}},
  author = {Cheplygina, Veronika and Sorensen, Lauge and Tax, David M. J. and Pedersen, Jesper Holst and Loog, Marco and de Bruijne, Marleen},
  date = {2014-08},
  pages = {1508--1513},
  publisher = {{IEEE}},
  location = {{Stockholm, Sweden}},
  doi = {10.1109/icpr.2014.268},
  eventtitle = {2014 22nd {{International Conference}} on {{Pattern Recognition}} ({{ICPR}})},
  file = {/home/thomas/OneDrive/HPS/Thesis/Papers/bbb/CheplyginaV et al_2014_Classification_of_COPD_with_Multiple_Instance_Learning.pdf;/home/thomas/OneDrive/HPS/Thesis/Papers/bbb/CheplyginaV et al_2014_Classification_of_COPD_with_Multiple_Instance_Learning2.pdf;/home/thomas/Zotero/storage/2EH3SFLH/Cheplygina et al. - 2014 - Classification of COPD with Multiple Instance Lear.pdf;/home/thomas/Zotero/storage/Z5SAXVVF/Cheplygina et al. - 2014 - Classification of COPD with Multiple Instance Lear.pdf},
  isbn = {978-1-4799-5209-0},
  keywords = {⛔ No DOI found}
}

@article{Cheplygina2015a,
  title = {Multiple Instance Learning with Bag Dissimilarities},
  author = {Cheplygina, V. and Tax, D. M. J. and Loog, M.},
  date = {2015},
  journaltitle = {Pattern Recognition},
  volume = {48},
  pages = {264--275},
  doi = {10.1016/j.patcog.2014.07.022},
  number = {1}
}

@incollection{Cheplygina2015b,
  title = {Label {{Stability}} in {{Multiple Instance Learning}}},
  booktitle = {Medical {{Image Computing}} and {{Computer}}-{{Assisted Intervention}} -- {{MICCAI}} 2015},
  author = {Cheplygina, Veronika and Sørensen, Lauge and Tax, David M. J. and de Bruijne, Marleen and Loog, Marco},
  editor = {Navab, Nassir and Hornegger, Joachim and Wells, William M. and Frangi, Alejandro},
  date = {2015},
  volume = {9349},
  pages = {539--546},
  publisher = {{Springer International Publishing}},
  location = {{Cham}},
  doi = {10.1007/978-3-319-24553-9_66},
  file = {/home/thomas/OneDrive/HPS/Thesis/Papers/bbb/CheplyginaV et al_2015_Label_Stability_in_Multiple_Instance_Learning.pdf},
  isbn = {978-3-319-24552-2 978-3-319-24553-9},
  langid = {english},
  options = {useprefix=true},
  series = {Lecture {{Notes}} in {{Computer Science}}}
}

@article{Cheplygina2016,
  title = {Dissimilarity-Based Ensembles for Multiple Instance Learning"},
  author = {Cheplygina, V and Tax, D. M. J. and Loog, M.},
  date = {2016},
  journaltitle = {IEEE Transactions on Neural Networks and Learning Systems},
  volume = {27},
  pages = {1379--1391},
  doi = {10.1109/tnnls.2015.2424254},
  number = {6}
}

@incollection{Cheplygina2016a,
  title = {Early {{Experiences}} with {{Crowdsourcing Airway Annotations}} in {{Chest CT}}},
  booktitle = {Deep {{Learning}} and {{Data Labeling}} for {{Medical Applications}}},
  author = {Cheplygina, Veronika and Perez-Rovira, Adria and Kuo, Wieying and Tiddens, Harm A. W. M. and de Bruijne, Marleen},
  editor = {Carneiro, Gustavo and Mateus, Diana and Peter, Loïc and Bradley, Andrew and Tavares, João Manuel R. S. and Belagiannis, Vasileios and Papa, João Paulo and Nascimento, Jacinto C. and Loog, Marco and Lu, Zhi and Cardoso, Jaime S. and Cornebise, Julien},
  date = {2016},
  volume = {10008},
  pages = {209--218},
  publisher = {{Springer International Publishing}},
  location = {{Cham}},
  doi = {10.1007/978-3-319-46976-8_22},
  file = {/home/thomas/OneDrive/HPS/Thesis/Papers/bbb/CheplyginaV et al_2016_Early_Experiences_with_Crowdsourcing_Airway_Annotations_in_Chest_CT.pdf},
  isbn = {978-3-319-46975-1 978-3-319-46976-8},
  options = {useprefix=true},
  series = {Lecture {{Notes}} in {{Computer Science}}}
}

@article{Depeursinge2012,
  title = {Building a Reference Multimedia Database for Interstitial Lung Diseases},
  author = {Depeursinge, A. and Vargas, A. and Platon, A. and Geissbuhler, A. and Poletti, P.-A. and Müller, H.},
  date = {2012},
  journaltitle = {Computerized medical imaging and graphics},
  volume = {36},
  pages = {227--238},
  doi = {10.1016/j.compmedimag.2011.07.003},
  number = {3}
}

@article{Dietterich2000,
  title = {An Experimental Comparison of Three Methods for Constructing Ensembles of Decision Trees: {{Bagging}}, Boosting, and Randomization},
  author = {Dietterich, T.},
  date = {2000},
  journaltitle = {Machine Learning},
  volume = {40},
  pages = {139--157},
  doi = {10.1023/a:1007607513941},
  number = {2}
}

@article{Fink2014,
  title = {Crowdsourcing Meets Ecology: Hemisphere-Wide Spatiotemporal Species Distribution Models},
  author = {Fink, D. and Damoulas, T. and Bruns, N. E. and Sorte, F. A. La and Hochachka, W. M. and Gomes, C. P. and Kelling, S.},
  date = {2014},
  journaltitle = {AI magazine},
  volume = {35},
  pages = {19--30},
  doi = {10.1609/aimag.v35i2.2533},
  number = {2}
}

@article{Fritz2009,
  title = {Geo-Wiki. Org: {{The}} Use of Crowdsourcing to Improve Global Land Cover},
  author = {Fritz, S. and McCallum, I. and Schill, C. and Perger, C. and Grillmayer, R. and Achard, F. and Kraxner, F. and Obersteiner, M.},
  date = {2009},
  journaltitle = {Remote Sensing},
  volume = {1},
  pages = {345--354},
  doi = {10.3390/rs1030345},
  number = {3}
}

@inproceedings{Hara2018,
  title = {A {{Data}}-{{Driven Analysis}} of {{Workers}}' {{Earnings}} on {{Amazon Mechanical Turk}}},
  booktitle = {Proceedings of the 2018 {{CHI Conference}} on {{Human Factors}} in {{Computing Systems}}  - {{CHI}} '18},
  author = {Hara, Kotaro and Adams, Abigail and Milland, Kristy and Savage, Saiph and Callison-Burch, Chris and Bigham, Jeffrey P.},
  date = {2018},
  pages = {1--14},
  publisher = {{ACM Press}},
  location = {{Montreal QC, Canada}},
  doi = {10.1145/3173574.3174023},
  eventtitle = {The 2018 {{CHI Conference}}},
  file = {/home/thomas/OneDrive/HPS/Thesis/Papers/bbb/HaraK et al_2018_A_Data-Driven_Analysis_of_Workers'_Earnings_on_Amazon_Mechanical_Turk.pdf;/home/thomas/Zotero/storage/4F665E5J/Hara et al. - 2018 - A Data-Driven Analysis of Workers' Earnings on Ama.pdf},
  isbn = {978-1-4503-5620-6},
  langid = {english}
}

@book{Herrera2016a,
  title = {Multiple {{Instance Learning}}},
  author = {Herrera, Francisco and Ventura, Sebastián and Bello, Rafael and Cornelis, Chris and Zafra, Amelia and Sánchez-Tarragó, Dánel and Vluymans, Sarah},
  date = {2016},
  publisher = {{Springer International Publishing}},
  location = {{Cham}},
  doi = {10.1007/978-3-319-47759-6},
  isbn = {978-3-319-47758-9 978-3-319-47759-6},
  langid = {english}
}

@article{Ho1998,
  title = {The Random Subspace Method for Constructing Decision Forests},
  author = {Ho, T. K.},
  date = {1998},
  journaltitle = {IEEE transactions on pattern analysis and machine intelligence},
  volume = {20},
  pages = {832--844},
  doi = {10.1109/34.709601},
  number = {8}
}

@incollection{Hoffer2015a,
  title = {Deep {{Metric Learning Using Triplet Network}}},
  booktitle = {Similarity-{{Based Pattern Recognition}}},
  author = {Hoffer, Elad and Ailon, Nir},
  editor = {Feragen, Aasa and Pelillo, Marcello and Loog, Marco},
  date = {2015},
  volume = {9370},
  pages = {84--92},
  publisher = {{Springer International Publishing}},
  location = {{Cham}},
  doi = {10.1007/978-3-319-24261-3_7},
  file = {/home/thomas/OneDrive/HPS/Thesis/Papers/bbb/HofferE_AilonN_2015_Deep_Metric_Learning_Using_Triplet_Network.pdf},
  isbn = {978-3-319-24260-6 978-3-319-24261-3},
  series = {Lecture {{Notes}} in {{Computer Science}}}
}

@article{Howe2006,
  title = {The Rise of Crowdsourcing},
  author = {Howe, J.},
  date = {2006},
  journaltitle = {Wired magazine},
  volume = {14},
  pages = {1--4},
  keywords = {⛔ No DOI found},
  number = {6}
}

@article{Kandemir2015,
  title = {Computer-Aided Diagnosis from Weak Supervision: {{A}} Benchmarking Study},
  author = {Kandemir, M. and Hamprecht, F. A.},
  date = {2015-06},
  journaltitle = {Computerized Medical Imaging and Graphics},
  volume = {42},
  pages = {44--50},
  doi = {10.1016/j.compmedimag.2014.11.010}
}

@article{Kittler1998,
  title = {Combining Classifiers: {{A}} Theoretical Framework},
  author = {Kittler, J.},
  date = {1998},
  journaltitle = {Pattern Analysis \& Applications},
  volume = {1},
  pages = {18--27},
  doi = {10.1007/bf01238023},
  number = {1}
}

@article{Kooi2017,
  title = {Large Scale Deep Learning for Computer Aided Detection of Mammographic Lesions},
  author = {Kooi, T and Litjen, G and van Ginneken, B and Gubern-Mérida, A and Sánchez, C. I. and Mann, R and den Heeten, A and Karssemeijer, N},
  date = {2017},
  journaltitle = {Medical image analysis},
  volume = {35},
  pages = {303--312},
  doi = {10.1016/j.media.2016.07.007},
  options = {useprefix=true}
}

@article{Kovashka2016,
  title = {Crowdsourcing in Computer Vision},
  author = {Kovashka, A. and Russakovsky, O. and Fei-Fei, L. and Grauman, K.},
  date = {2016},
  journaltitle = {Foundations and Trends in Computer Graphics and Vision},
  volume = {10},
  pages = {177--243},
  doi = {10.1561/0600000071},
  more-authors = {true},
  number = {3}
}

@book{Kuncheva2004,
  title = {Combining Pattern Classifiers: Methods and Algorithms},
  author = {Kuncheva, L. I.},
  date = {2004},
  publisher = {{John Wiley \& Sons}}
}

@incollection{Law2017,
  title = {Efficient Multiple Instance Metric Learning Using Weakly Supervised Data},
  booktitle = {2017 {{IEEE}} Conference on Computer Vision and Pattern Recognition ({{CVPR}}). {{IEEE}}},
  author = {Law, M. T. and Yu, Y. and Urtasun, R. and Zemel, R. S. and Xing, E. P.},
  date = {2017-07}
}

@inproceedings{Li2018,
  title = {Thoracic {{Disease Identification}} and {{Localization}} with {{Limited Supervision}}},
  booktitle = {2018 {{IEEE}}/{{CVF Conference}} on {{Computer Vision}} and {{Pattern Recognition}}},
  author = {Li, Zhe and Wang, Chong and Han, Mei and Xue, Yuan and Wei, Wei and Li, Li-Jia and Fei-Fei, Li},
  date = {2018-06},
  pages = {8290--8299},
  publisher = {{IEEE}},
  location = {{Salt Lake City, UT}},
  doi = {10.1109/CVPR.2018.00865},
  eventtitle = {2018 {{IEEE}}/{{CVF Conference}} on {{Computer Vision}} and {{Pattern Recognition}} ({{CVPR}})},
  file = {/home/thomas/OneDrive/HPS/Thesis/Papers/bbb/LiZ et al_2018_Thoracic_Disease_Identification_and_Localization_with_Limited_Supervision.pdf;/home/thomas/Zotero/storage/ENGW3UTX/Li et al. - 2018 - Thoracic Disease Identification and Localization w.pdf},
  isbn = {978-1-5386-6420-9}
}

@incollection{Lin2014,
  title = {Microsoft {{COCO}}: {{Common}} Objects in Context},
  booktitle = {European Conference on Computer Vision ({{ECCV}})},
  author = {Lin, T. Y. and Maire, M and Belognie, S and Hays, J and Perona, P and Ramanan, D and Dollár, P and Zitnick, C. L.},
  date = {2014},
  pages = {740--755},
  publisher = {{Springer}}
}

@incollection{Maier-Hein2014,
  title = {Crowdsourcing for {{Reference Correspondence Generation}} in {{Endoscopic Images}}},
  booktitle = {Medical {{Image Computing}} and {{Computer}}-{{Assisted Intervention}} – {{MICCAI}} 2014},
  author = {Maier-Hein, Lena and Mersmann, Sven and Kondermann, Daniel and Stock, Christian and Kenngott, Hannes Gotz and Sanchez, Alexandro and Wagner, Martin and Preukschas, Anas and Wekerle, Anna-Laura and Helfert, Stefanie and Bodenstedt, Sebastian and Speidel, Stefanie},
  editor = {Golland, Polina and Hata, Nobuhiko and Barillot, Christian and Hornegger, Joachim and Howe, Robert},
  date = {2014},
  volume = {8674},
  pages = {349--356},
  publisher = {{Springer International Publishing}},
  location = {{Cham}},
  doi = {10.1007/978-3-319-10470-6_44},
  isbn = {978-3-319-10469-0 978-3-319-10470-6},
  langid = {english},
  series = {Lecture {{Notes}} in {{Computer Science}}}
}

@incollection{Maier-Hein2014b,
  title = {Can {{Masses}} of {{Non}}-{{Experts Train Highly Accurate Image Classifiers}}?: {{A Crowdsourcing Approach}} to {{Instrument Segmentation}} in {{Laparoscopic Images}}},
  shorttitle = {Can {{Masses}} of {{Non}}-{{Experts Train Highly Accurate Image Classifiers}}?},
  booktitle = {Medical {{Image Computing}} and {{Computer}}-{{Assisted Intervention}} – {{MICCAI}} 2014},
  author = {Maier-Hein, Lena and Mersmann, Sven and Kondermann, Daniel and Bodenstedt, Sebastian and Sanchez, Alexandro and Stock, Christian and Kenngott, Hannes Gotz and Eisenmann, Mathias and Speidel, Stefanie},
  editor = {Golland, Polina and Hata, Nobuhiko and Barillot, Christian and Hornegger, Joachim and Howe, Robert},
  date = {2014},
  volume = {8674},
  pages = {438--445},
  publisher = {{Springer International Publishing}},
  location = {{Cham}},
  doi = {10.1007/978-3-319-10470-6_55},
  isbn = {978-3-319-10469-0 978-3-319-10470-6},
  langid = {english},
  series = {Lecture {{Notes}} in {{Computer Science}}}
}

@incollection{Manivannan2016,
  title = {Sub-Category {{Classifiers}} for {{Multiple}}-Instance {{Learning}} and {{Its Application}} to {{Retinal Nerve Fiber Layer Visibility Classification}}},
  booktitle = {Medical {{Image Computing}} and {{Computer}}-{{Assisted Intervention}} – {{MICCAI}} 2016},
  author = {Manivannan, Siyamalan and Cobb, Caroline and Burgess, Stephen and Trucco, Emanuele},
  editor = {Ourselin, Sebastien and Joskowicz, Leo and Sabuncu, Mert R. and Unal, Gozde and Wells, William},
  date = {2016},
  volume = {9901},
  pages = {308--316},
  publisher = {{Springer International Publishing}},
  location = {{Cham}},
  doi = {10.1007/978-3-319-46723-8_36},
  file = {/home/thomas/OneDrive/HPS/Thesis/Papers/bbb/ManivannanS et al_2016_Sub-category_Classifiers_for_Multiple-instance_Learning_and_Its_Application_to_Retinal_Nerve_Fiber_Layer_Visibility_Classification.pdf},
  isbn = {978-3-319-46722-1 978-3-319-46723-8},
  series = {Lecture {{Notes}} in {{Computer Science}}}
}

@incollection{Mao2013,
  title = {Volunteering versus Work for Pay: {{Incentives}} and Tradeoffs in Crowdsourcing},
  booktitle = {First {{AAAI}} Conference on Human Computation and Crowdsourcing},
  author = {Mao, A. and Kamar, E. and Chen, Y. and Horvitz, E. and Schwamb, M. E. and Lintott, C. J. and Smith, A. M.},
  date = {2013}
}

@article{Melendez2014,
  title = {A Novel Multiple-Instance Learning-Based Approach to Computer-Aided Detection of Tuberculosis on Chest x-Rays},
  author = {Melendez, J. and van Ginneken, B. and Maduskar, P. and Philipsen, R. H. H. M. and Reither, K. and Breuninger, M. and Adetifa, I. M. O. and Maane, R. and Ayles, H. and Sanchez, C. I.},
  date = {2014-01},
  journaltitle = {IEEE Transactions on Medical Imaging},
  volume = {34},
  pages = {179--192},
  doi = {10.1109/tmi.2014.2350539},
  number = {1},
  options = {useprefix=true}
}

@article{Mitry2015a,
  title = {Crowdsourcing as a {{Screening Tool}} to {{Detect Clinical Features}} of {{Glaucomatous Optic Neuropathy}} from {{Digital Photography}}},
  author = {Mitry, Danny and Peto, Tunde and Hayat, Shabina and Blows, Peter and Morgan, James and Khaw, Kay-Tee and Foster, Paul J.},
  editor = {Merigan, William H.},
  date = {2015-02-18},
  journaltitle = {PLOS ONE},
  shortjournal = {PLoS ONE},
  volume = {10},
  pages = {e0117401},
  issn = {1932-6203},
  doi = {10.1371/journal.pone.0117401},
  file = {/home/thomas/OneDrive/HPS/Thesis/Papers/bbb/MitryD et al_2015_Crowdsourcing_as_a_Screening_Tool_to_Detect_Clinical_Features_of_Glaucomatous_Optic_Neuropathy_from_Digital_Photography.pdf;/home/thomas/Zotero/storage/UGZQEPYM/Mitry et al. - 2015 - Crowdsourcing as a Screening Tool to Detect Clinic.pdf},
  langid = {english},
  number = {2}
}

@article{Nguyen2012,
  title = {Distributed Human Intelligence for Colonic Polyp Classification in Computer-Aided Detection for {{CT}} Colonography},
  author = {Nguyen, T. B. and Wang, S. and Anugu, V. and Rose, N. and McKenna, M. and Petrick, N. and Burns, J. E. and Summers, R. M.},
  date = {2012-03},
  journaltitle = {Radiology},
  volume = {262},
  pages = {824--833},
  doi = {10.1148/radiol.11110938},
  number = {3}
}

@incollection{Orting2017,
  title = {Crowdsourced {{Emphysema Assessment}}},
  booktitle = {Intravascular {{Imaging}} and {{Computer Assisted Stenting}}, and {{Large}}-{{Scale Annotation}} of {{Biomedical Data}} and {{Expert Label Synthesis}}},
  author = {Ørting, Silas Nyboe and Cheplygina, Veronika and Petersen, Jens and Thomsen, Laura H. and Wille, Mathilde M. W. and de Bruijne, Marleen},
  editor = {Cardoso, M. Jorge and Arbel, Tal and Lee, Su-Lin and Cheplygina, Veronika and Balocco, Simone and Mateus, Diana and Zahnd, Guillaume and Maier-Hein, Lena and Demirci, Stefanie and Granger, Eric and Duong, Luc and Carbonneau, Marc-André and Albarqouni, Shadi and Carneiro, Gustavo},
  date = {2017},
  volume = {10552},
  pages = {126--135},
  publisher = {{Springer International Publishing}},
  location = {{Cham}},
  doi = {10.1007/978-3-319-67534-3_14},
  file = {/home/thomas/OneDrive/HPS/Thesis/Papers/bbb/ØrtingS et al_2017_Crowdsourced_Emphysema_Assessment.pdf},
  isbn = {978-3-319-67533-6 978-3-319-67534-3},
  options = {useprefix=true},
  series = {Lecture {{Notes}} in {{Computer Science}}}
}

@article{Pedersen2009,
  title = {The {{Danish}} Randomized Lung Cancer {{CT}} Screening Trial-Overall Design and Results of the Prevalence Round},
  author = {Pedersen, J. H. and Ashraf, H. and Dirksen, A. and Bach, K. and Hansen, H. and Toennesen, P. and Thorsen, H. and Brodersen, J. and Skov, B. G. and Døssing, M.},
  date = {2009},
  journaltitle = {Journal of Thoracic Oncology},
  volume = {4},
  pages = {608--614},
  doi = {10.1097/jto.0b013e3181a0d98f},
  more-authors = {true},
  number = {5}
}

@article{Quellec2012,
  title = {A Multiple-Instance Learning Framework for Diabetic Retinopathy Screening},
  author = {Quellec, G. and Lamard, M. and Abràmoff, M. D. and Decencière, E. and Lay, B. and Erginay, A. and Cochener, B. and Cazuguel, G.},
  date = {2012},
  journaltitle = {Medical Image Analysis},
  volume = {16},
  pages = {1228--1240},
  doi = {10.1016/j.media.2012.06.003},
  number = {6}
}

@article{Quellec2017,
  title = {Multiple-Instance Learning for Medical Image and Video Analysis},
  author = {Quellec, G. and Cazuguel, G. and Cochener, B. and Lamard, M.},
  date = {2017},
  journaltitle = {IEEE reviews in biomedical engineering},
  doi = {10.1109/rbme.2017.2651164}
}

@article{Rajpurkar2017,
  title = {Chexnet: {{Radiologist}}-Level Pneumonia Detection on Chest x-Rays with Deep Learning},
  author = {Rajpurkar, P. and Irvin, J. and Zhu, K. and Yang, B. and Mehta, H. and Duan, T. and Ding, D. and Bagul, A. and Langlotz, C. and Shpanskaya, K.},
  date = {2017},
  edition = {arXiv preprint arXiv: 1711.05225},
  keywords = {⛔ No DOI found},
  more-authors = {true}
}

@article{Ross2018,
  ids = {Ross2017},
  title = {Exploiting the Potential of Unlabeled Endoscopic Video Data with Self-Supervised Learning},
  author = {Ross, Tobias and Zimmerer, David and Vemuri, Anant and Isensee, Fabian and Wiesenfarth, Manuel and Bodenstedt, Sebastian and Both, Fabian and Kessler, Philip and Wagner, Martin and Müller, Beat and Kenngott, Hannes and Speidel, Stefanie and Kopp-Schneider, Annette and Maier-Hein, Klaus and Maier-Hein, Lena},
  date = {2018-06},
  journaltitle = {International Journal of Computer Assisted Radiology and Surgery},
  shortjournal = {Int J CARS},
  edition = {arXiv preprint arXiv: 1711.09726},
  volume = {13},
  pages = {925--933},
  issn = {1861-6410, 1861-6429},
  doi = {10.1007/s11548-018-1772-0},
  file = {/home/thomas/OneDrive/HPS/Thesis/Papers/bbb/RossT et al_2018_Exploiting_the_potential_of_unlabeled_endoscopic_video_data_with_self-supervised_learning.pdf;/home/thomas/Zotero/storage/6E5HKWCK/Ross et al. - 2018 - Exploiting the potential of unlabeled endoscopic v.pdf},
  keywords = {⛔ No DOI found},
  langid = {english},
  more-authors = {true},
  number = {6}
}

@online{Tax2016,
  title = {{{MIL}}, a {{Matlab}} Toolbox for Multiple Instance Learning},
  author = {Tax, D. M. J. and Cheplygina, V.},
  date = {2016},
  url = {prlab.tudelft.nl/}
}

@inproceedings{vanderMaaten2012a,
  title = {Stochastic Triplet Embedding},
  booktitle = {2012 {{IEEE International Workshop}} on {{Machine Learning}} for {{Signal Processing}}},
  author = {van der Maaten, Laurens and Weinberger, Kilian},
  date = {2012-09},
  pages = {1--6},
  publisher = {{IEEE}},
  location = {{Santander, Spain}},
  doi = {10.1109/MLSP.2012.6349720},
  eventtitle = {2012 {{IEEE International Workshop}} on {{Machine Learning}} for {{Signal Processing}} ({{MLSP}})},
  file = {/home/thomas/OneDrive/HPS/Thesis/Papers/bbb/van der MaatenL_WeinbergerK_2012_Stochastic_triplet_embedding.pdf},
  isbn = {978-1-4673-1026-0 978-1-4673-1024-6 978-1-4673-1025-3},
  options = {useprefix=true}
}

@article{Vanwinckelen2016,
  title = {Instance-Level Accuracy versus Bag-Level Accuracy in Multi-Instance Learning},
  author = {Vanwinckelen, G. and Fierens, D. and Blockeel, H.},
  date = {2016-03},
  journaltitle = {Data Mining and Knowledge Discovery},
  volume = {30},
  pages = {313--341},
  doi = {10.1007/s10618-015-0416-z},
  more-authors = {true},
  number = {2}
}

@article{Veta2015,
  title = {Assessment of Algorithms for Mitosis Detection in Breast Cancer Histopathology Images},
  author = {Veta, M. and Diest, P. J. Van and Willems, S. M. and Wang, H. and Madabhushi, A. and Cruz-Roa, A. and Gonzalez, F. and Larsen, A. B. and Vestergaard, J. S. and Dahl, A. B.},
  date = {2015},
  journaltitle = {Medical image analysis},
  volume = {20},
  pages = {237--248},
  doi = {10.1016/j.media.2014.11.010},
  more-authors = {true},
  number = {1}
}

@inproceedings{Vezhnevets2010a,
  title = {Towards Weakly Supervised Semantic Segmentation by Means of Multiple Instance and Multitask Learning},
  booktitle = {2010 {{IEEE Computer Society Conference}} on {{Computer Vision}} and {{Pattern Recognition}}},
  author = {Vezhnevets, Alexander and Buhmann, Joachim M.},
  date = {2010-06},
  pages = {3249--3256},
  publisher = {{IEEE}},
  location = {{San Francisco, CA, USA}},
  doi = {10.1109/CVPR.2010.5540060},
  eventtitle = {2010 {{IEEE Conference}} on {{Computer Vision}} and {{Pattern Recognition}} ({{CVPR}})},
  file = {/home/thomas/OneDrive/HPS/Thesis/Papers/bbb/VezhnevetsA_BuhmannJ_2010_Towards_weakly_supervised_semantic_segmentation_by_means_of_multiple_instance_and_multitask_learning.pdf},
  isbn = {978-1-4244-6984-0}
}

@article{Weinberger2009,
  title = {Distance Metric Learning for Large Margin Nearest Neighbor Classification},
  author = {Weinberger, K. Q. and Saul, L. K.},
  date = {2009},
  journaltitle = {The Journal of Machine Learning Research},
  volume = {10},
  pages = {207--244},
  keywords = {⛔ No DOI found}
}


