
@thesis{Aagaard2014,
  type = {phdthesis},
  title = {Hverdagsliv Med Sygdom : Patienters Kulturelle Perspektiver På Sundhedspraksis i {{Grønland}}},
  author = {Aagaard, Tine},
  date = {2014},
  pages = {263},
  institution = {{Institut for Sygepleje og Sundhedsvidenskab}},
  location = {{Ilisimatusarfik}}
}

@book{Aikhenvald2002,
  title = {Language Contact in Amazonia},
  author = {Aikhenvald, A.},
  date = {2002},
  publisher = {{Oxford University Press}},
  location = {{New York}}
}

@incollection{Barfod1974,
  title = {Grønlændere i Danmark 1971-72},
  booktitle = {Nyt Fra Samfundsvidenskaberne},
  author = {Barfod, P.},
  date = {1974}
}

@article{Basso1970,
  title = {To Give up on Words: {{Silence}} in Western Apache Culture},
  author = {Basso, K. H.},
  date = {1970},
  journaltitle = {Southwestern Journal of Anthropology},
  volume = {26},
  number = {3},
  pages = {213--230},
  doi = {10.1086/soutjanth.26.3.3629378}
}

@article{Blackledge2002,
  title = {Introduction},
  author = {Blackledge, A. and Pavlenko, A.},
  date = {2002},
  journaltitle = {Multilingua-journal of Cross-cultural and Interlanguage Communication},
  shortjournal = {Multilingua},
  volume = {21},
  number = {2–3},
  pages = {121--140},
  keywords = {⛔ No DOI found}
}

@article{Boroditsky2011,
  title = {Do {{English}} and {{Mandarin}} Speakers Think about Time Differently?},
  author = {Boroditsky, L. and Fuhrman, O. and McCormick, K.},
  date = {2011},
  journaltitle = {Cognition},
  volume = {118},
  pages = {123--129},
  doi = {10.1016/j.cognition.2010.09.010}
}

@book{Bourdieu1991,
  title = {Language and Symbolic Power},
  author = {Bourdieu, P.},
  date = {1991},
  publisher = {{Polity Press}},
  location = {{Oxford and Cambridge}}
}

@article{Briggs2005,
  title = {Communicability, Racial Discourse, and Disease},
  author = {Briggs, Ch L.},
  date = {2005},
  journaltitle = {Annual Review of Anthropology},
  volume = {34},
  pages = {269--291},
  doi = {10.1146/annurev.anthro.34.081804.120618}
}

@article{Chiswick1995,
  title = {The Endogeneiy between Language and Earnings: {{International}} Analyses”},
  author = {Chiswick, Barry R. and Miller, Paul W.},
  date = {1995},
  journaltitle = {Journal of Labour Economics},
  volume = {13},
  number = {2},
  pages = {246--288},
  doi = {10.1086/298374}
}

@misc{Collier2001,
  title = {A National Study of School Effectiveness for Language Minority Students’ Long-Term Academic Achievement. {{Final}} Reports},
  author = {Thomas, W. P. and Collier, V.},
  date = {2001},
  publisher = {{Center for Research on Education Diversity and Excellence, University of California}},
  location = {{Santa Cruz}}
}

@misc{Curtis2001,
  title = {Kommunikation Mellem Læge Og Partient i {{Grønland}} – En Kvalitative Undersøgelse Af Interaktionen Mellem Parterne i Den Tolkende Konsultationssamtale},
  author = {Curtis, Tine},
  date = {2001}
}

@incollection{Geertz1964,
  title = {Ideology as a Cultural System},
  booktitle = {Ideology and Discontent},
  author = {Geertz, C.},
  editor = {Apter, David},
  date = {1964},
  pages = {47--76},
  publisher = {{Free Press}},
  location = {{New York}}
}

@book{Goffman1959,
  title = {The Presentation of Self in Everyday Life},
  author = {Goffman, E.},
  date = {1959},
  publisher = {{Doubleday and Company}},
  location = {{New York}}
}

@book{Goffman1974,
  title = {Frame Analysis. {{An}} Essay in the Organization of Experience},
  author = {Goffman, E.},
  date = {1974},
  publisher = {{Penguin Books}},
  location = {{Harmondsworth}}
}

@book{Goffman1982,
  title = {Interaction {{Ritual}}: {{Essays}} on Face-to-Face Behavior},
  author = {Goffman, E.},
  date = {1982},
  publisher = {{Pantheon}},
  location = {{New York}}
}

@misc{Gumperz1972,
  title = {Directions in Sociolinguistics: {{The}} Ethnography of Communication},
  editor = {Gumperz, J. J. and Hymes, D.},
  date = {1972},
  origdate = {1964},
  pages = {407--434},
  publisher = {{Holt, Rinehart and Winston, Inc}},
  location = {{New York}}
}

@book{Gumperz1982,
  title = {Discourse Strategies},
  author = {Gumperz, J.},
  date = {1982},
  publisher = {{Cambridge University Press}},
  location = {{Cambridge}}
}

@book{Hall1959,
  title = {The Silent Language},
  author = {Hall, E. T.},
  date = {1959},
  publisher = {{Anchor Books Edition}}
}

@misc{Hall1997,
  title = {Representation: Cultural Representations and Signifying Practices},
  author = {Hall, S.},
  date = {1997},
  publisher = {{Thousand Oaks, California: Sage in association with the Open University}},
  location = {{London}}
}

@incollection{Hall1998,
  title = {The Power of Hidden Differences},
  booktitle = {Basic Concepts of Intercultural Communication: {{Selected}} Readings},
  author = {Hall, E. T.},
  editor = {Bennett, M. J.},
  date = {1998},
  pages = {53--67},
  publisher = {{Intercultural Press. Pp}},
  location = {{Boston, MA}}
}

@article{Hong2000,
  title = {Multicultural Minds: {{A}} Dynamic Constructivist Approach to Culture and Cognition},
  author = {Hong, Y. Y. and Morris, M. W. and Chiu, C. Y. and Benet-Martinez, V.},
  date = {2000},
  journaltitle = {American Psychologist},
  volume = {55},
  number = {7},
  pages = {709--720},
  doi = {10.1037/0003-066x.55.7.709}
}

@incollection{Hymes1962,
  title = {The Ethnography of Speaking},
  booktitle = {Anthropology and Human Behavior},
  author = {Hymes, D.},
  editor = {Gladwin, Thomas and Sturtevant, William C.},
  date = {1962},
  publisher = {{The Anthropological Society of Washington. Pp.:13–53}},
  location = {{Washington, D. C}}
}

@book{Hymes1964,
  title = {Language in Culture and Society},
  author = {Hymes, D.},
  date = {1964},
  publisher = {{Harper and Row}},
  location = {{New York}}
}

@book{Jensen2001,
  title = {Interkulturel Kommunikation i Komplekse Samfund},
  author = {Jensen, I.},
  date = {2001},
  publisher = {{Roskilde Universitetsforlag}}
}

@incollection{Johnstone1989,
  title = {Linguistic Strategies and Cultural Styles for Persuasive Discourse},
  booktitle = {Language, Communication, and Culture: {{Current}} Directions},
  author = {Johnstone, B.},
  editor = {Ting-Toomey, S. and Korzenny, F.},
  date = {1989},
  pages = {139--156}
}

@article{Kaufert1997,
  title = {Communication through Interpreters in Healthcare: Ethical Dilemmas Arising from Differences in Class, Culture, Language, and Power},
  author = {Kaufert, J. M. and Putsch, R. W.},
  date = {1997},
  journaltitle = {Journal Clinical Ethics},
  volume = {8},
  number = {1},
  pages = {71--87},
  keywords = {⛔ No DOI found}
}

@article{Kaufert1998,
  title = {Experience of Aboriginal Health Interpreters in Mediation of Conflicting Values in End-of-Life Decision-Making},
  author = {Kaufert, J. M. and Putsch, R. W. and Lavallee, M.},
  date = {1998},
  journaltitle = {International Journal of Circumpolar Health},
  volume = {57 Suppl 1},
  pages = {43--8},
  keywords = {⛔ No DOI found}
}

@incollection{Kaufertt1998,
  title = {Culture, Power and Informed Consent: The Impact of {{Aboriginal}} Health Interpreters on Decision-Making},
  booktitle = {Health and {{Canadian}} Society: Sociological Perspectives},
  author = {Kaufert, J. M. and O'Neil, J.},
  editor = {Coburn, D. and D'Arcy, C. and Torrance, G. M.},
  date = {1998},
  pages = {131--146},
  publisher = {{University of Toronto Press}},
  location = {{Toronto}}
}

@book{Kim1988,
  title = {Theories in Intercultural Communication (International and Intercultural Communication Annual},
  editor = {Kim, Y. Y. and Gudykunst, W. B.},
  date = {1988},
  publisher = {{Sage}},
  location = {{Newbury Park, CA}}
}

@book{Kroskrity2002,
  title = {Regimes of Language: {{Ideologies}}, Polities, and Identities},
  editor = {Kroskrity, Paul V.},
  date = {2002},
  publisher = {{Brussels/Artistic Rights Society (ARC}},
  location = {{New York}}
}

@book{laage-petersen2015,
  title = {Ligebehandling Af Grønlændere i Danmark. {{Rapport}}},
  author = {Laage-Petersen, Jette},
  date = {2015},
  publisher = {{Institut for Menneskerettigheder, Danmarks Nationale Menneskerettighedsinstitution}}
}

@book{Malinowski1964,
  title = {Argonauts of the Western Pacific},
  author = {Malinowski, Bronislaw},
  date = {1964},
  publisher = {{Routledge}},
  location = {{London}}
}

@incollection{Meyer2014,
  title = {The Culture Map},
  booktitle = {Breaking through the Invisible Boundaries of Global Business},
  author = {Meyer, Irin},
  date = {2014},
  publisher = {{Public Affairs}},
  location = {{New York}}
}

@incollection{Nakane2012,
  title = {Silence},
  booktitle = {Handbook of Intercultural Discourse and Communication},
  author = {Nakane, Ikuko and Paulston, Red Christina Bratt and Kiesling, Scott F. and Rangel, Elizabeth S.},
  date = {2012},
  pages = {135--157},
  publisher = {{Blackwell Handbooks in Linguistics}},
  location = {{Oxford}}
}

@misc{Nielsen1999,
  title = {Grundbegreber i Nyere Samtaleanalyse. {{NyS}} – Nydanske Sprogstudier 25, 1999, s. 9-55 {{NyS}} i Samarbejde Med Dansk Sprognævn},
  author = {Nielsen, Mie Femø},
  date = {1999}
}

@book{Nielsen2005,
  title = {Samtaleanalyse},
  author = {Nielsen, Mie Femø and Nielsen, S. B.},
  date = {2005},
  publisher = {{Frederiksberg. Samfundslitteratur}}
}

@article{Oneil1989,
  title = {Taking a Medical History in a Cross-Cultural Context: The Role of the Medical Interpreter},
  author = {O'Neil, J. D. and Kaufert, J. M. and Koolage, W. W.},
  date = {1989},
  journaltitle = {Manitoba Medicine},
  volume = {59},
  number = {3},
  pages = {101--104},
  keywords = {⛔ No DOI found}
}

@incollection{Phillips2018,
  title = {Kvalitative Analyser i Sundhedsforskning},
  booktitle = {Forlaget {{KLIM}}},
  author = {Phillips, L. J.},
  editor = {Gildberg, F. A. and Hounsgaard, L.},
  date = {2018},
  pages = {32}
}

@book{Piller2016,
  title = {Intercultural Communication - a Critical Introduction},
  author = {Piller, I.},
  date = {2016},
  publisher = {{Edinburgh University Press}},
  location = {{Edinburgh}}
}

@book{Riggins1997,
  title = {The Language and Politics of Exclusion: {{Others}} in Discourse},
  author = {Riggins, S. E.},
  date = {1997},
  publisher = {{Sage}},
  location = {{Thousand Oaks, CA}}
}

@incollection{Schegloff1984,
  title = {On Some Questions and Ambiguities in Conversation},
  booktitle = {Structures of Social Action. {{Studies}} in Conversation Analysis. {{Studies}} in Emotion and Social Lnteraction},
  author = {Schegloff, E. A.},
  editor = {Atkinson, J. Maxwell and Heritage, John},
  date = {1984},
  publisher = {{Cambridge University Press}},
  location = {{Cambridge, UK}}
}

@incollection{Schegloff1987,
  title = {Between Micro and Macro: {{Contexts}} and Other Connections},
  booktitle = {The Micro-Macro Link},
  author = {Schegloff, Emanuel A.},
  editor = {Alexander, Jeffrey C.},
  date = {1987},
  publisher = {{University of California Press}},
  location = {{Berkeley}}
}

@incollection{Schegloff1990,
  title = {On the Organization of Sequences as a Source of "{{Coherence}}},
  booktitle = {Conversational Organization and Its Development},
  author = {Schegloff, E. A.},
  editor = {Dorval, Talk-in-Interaction Bruce},
  date = {1990},
  publisher = {{Ablex Publishing Corporation}},
  location = {{Norwood, New Jersey}}
}

@incollection{Schegloff1991,
  title = {Conversation Analysis and Socially Shared Cognition},
  booktitle = {Perspectives on Socially Shared Cognition},
  author = {Schegloff, E. A.},
  editor = {Resnick, Lauren and Levine, John M. and Teasley, Stephanie D.},
  date = {1991},
  publisher = {{American Psychological Association}},
  location = {{Washington, DC}}
}

@article{schultz-nielsen2018,
  title = {Rekordmange Grønlændere Bor i Danmark”},
  author = {Schultz-Nielsen, Jørgen},
  date = {2018},
  journaltitle = {Sermitsiaq},
  url = {http://sermitsiaq.ag/node/204099},
  keywords = {⛔ No DOI found}
}

@misc{Schwalbe2015,
  title = {Language Ideologies at Work: {{Economies}} of Yupik Language Maintenance and Loss},
  author = {Schwalbe, D. M.},
  date = {2015},
  volume = {14},
  number = {3},
  pages = {1--27}
}

@incollection{Silverstein1979,
  title = {Language Structure and Linguistic Ideology},
  booktitle = {The Elements: Parasession on Linguistic Units and Levels},
  author = {Silverstein, M.},
  editor = {Clyne, R. and Hanks, W. and Hofbauer, C.},
  date = {1979},
  pages = {193--247},
  publisher = {{Chicago Linguistic Society}},
  location = {{Chicago}}
}

@book{Socialministeriet2003,
  title = {Hvidbogen -Om Socialt Udsatte Grønlændere},
  author = {{Socialministeriet}},
  date = {2003},
  publisher = {{Socialministeriet}},
  location = {{København}}
}

@book{Spradley1997,
  title = {Interview: {{En}} Introduktion Til Det Kvalitative Forskningsinterview},
  author = {Spradley, J. P.},
  date = {1997},
  publisher = {{Hans Forlag, Reitzels}}
}

@incollection{Steensig2011,
  title = {Turn-Taking in Conversation},
  booktitle = {Pragmatics of Society},
  author = {Steensig, J.},
  editor = {Andersen, G. and Aijmer, K.},
  date = {2011},
  publisher = {{Mouton de Gruyter}},
  location = {{Berlin}}
}

@incollection{Tanen2012,
  title = {Turn-Taking and Intercultural Discourse and Communication},
  booktitle = {The Handbook of Intercultural Discourse and Communication},
  author = {Tanen, D.},
  editor = {Paulston, Christina Bratt and Kiesling, Scott F. and Rangel, Elizabeth S.},
  date = {2012},
  pages = {135--157},
  publisher = {{Blackwell}},
  location = {{Oxford, England}}
}

@book{ting-toomey2011,
  title = {Communicating across Cultures},
  author = {Ting-Toomey, S.},
  date = {2011},
  publisher = {{The Guilford Press}},
  location = {{London}}
}

@article{Toft2018,
  title = {Grønlændere Lades i Stikken Af Deres Danske Statsborgerskab”},
  author = {Toft, S. B.},
  date = {2018},
  journaltitle = {Information-an International Interdisciplinary Journal},
  shortjournal = {Information},
  keywords = {⛔ No DOI found}
}

@book{Togeby2004,
  title = {Grønlændere {{I}} Danmark – En Overset Minoritet},
  author = {Togeby, L.},
  date = {2004},
  publisher = {{Århus Universitetsforlag}}
}

@thesis{Trondhjem2008,
  type = {PhD thesis, humanities, university of copenahgen},
  title = {Markering Af Tid Med Særlig Fokus På Fortid”},
  author = {Trondhjem, N.},
  date = {2008},
  institution = {{Faculty of}}
}

@book{Wierzbicka2014,
  title = {Imprisoned in English. {{The}} Hazards of English as a Default Language},
  author = {Wierzbicka, A.},
  date = {2014},
  publisher = {{Oxford University Press}},
  location = {{Oxford}}
}

@incollection{Woolard1998,
  title = {Introduction: {{Language}} Ideology as a Field of Inquiry},
  booktitle = {Language Ideologies: {{Practice}} and Theory},
  author = {Woolard, K.},
  editor = {Schieffelin, B. and Woolard, K. and Kroskrity, P.},
  date = {1998},
  pages = {3--47},
  publisher = {{Oxford University Press}},
  location = {{New York}}
}


