%% LaTeX2e file `bibliography.bib'
%% generated by the `filecontents' environment
%% from source `main' on 2025/03/18.
%%
 @article{Alderson-Day2015,
    title       = {Inner speech: {D}evelopment, cognitive functions, phenomenology, and neurobiology},
    author      = {Alderson-Day, B. and Fernyhough, C.},
    number      = {5},
    volume      = {141},
    url         = {https://doi.org/10.1037/bul0000021},
    doi         = {10.1037/bul0000021},
    date        = {2015},
    pages       = {931--965},
    journal     = {Psychological Bulletin}
}


@article{Ali2023,
    title       = {Countering misinformation on social media through educational interventions: {E}vidence from a randomized experiment in Pakistan},
    author      = {Ali, A. and Qazi, I. A.},
    volume      = {163, Article 103108},
    url         = {https://doi.org/10.1016/j.jdeveco.2023.103108},
    doi         = {10.1016/j.jdeveco.2023.103108},
    date        = {2023},
    journal     = {Journal of Development Economics}
}


@unpublished{Amar2024,
    title       = {Countering misinformation early: {E}vidence from a classroom-based field experiment in India},
    author      = {Amar, P. and Badrinathan, S. and F., Chauchard and Sichart, F.},
    url         = {https://priyadarshiamar.github.io/Assets/Mercury\_SSRC.pdf},
    date        = {2024},
    booktitle     = {[Unpublished manuscript]}
}


@article{Ardila2010,
    title       = {Illiteracy: {T}he neuropsychology of cognition without reading},
    author      = {Ardila, A. and Bertolucci, P. H. and Braga, L. W. and Castro-Caldas, A. and Judd, T. and Kosmidis, M. H. and Matute, E. and Nitrini, R. and Ostrosky-Solis, F. and Rosselli, M.},
    number      = {8},
    volume      = {25},
    url         = {https://doi.org/10.1093/arclin/acq079},
    doi         = {10.1093/arclin/acq079},
    date        = {2010},
    pages       = {689--712},
    journal     = {Archives of Clinical Neuropsychology : The Official Journal of the National Academy of Neuropsychologists}
}


@inbook{Ardila2007,
    title       = {Illiterates and cognition: {T}he impact of education},
    author      = {Ardila, A. and Rosselli, M.},
    editor      = {Uzzell, B. and Pontón, M. and Ardilla, A.},
    publisher   = {Lawrence Erlbaum Associates},
    date        = {2007},
    pages       = {191--208},
    booktitle     = {International handbook of cross-cultural neuropsychology}
}


@article{Arechar2023,
    title       = {Understanding and combatting misinformation across 16 countries on six continents},
    author      = {Arechar, A. A. and Allen, J. and Berinsky, A. J. and Cole, R. and Epstein, Z. and Garimella, K. and Gully, A. and Lu, J. G. and Ross, R. M. and Stagnaro, M. N. and Zhang, Y. and Pennycook, G. and Rand, D. G.},
    volume      = {7},
    url         = {https://doi.org/10.1038/s41562-023-01641-6},
    doi         = {10.1038/s41562-023-01641-6},
    date        = {2023},
    pages       = {1502--1513},
    journal     = {Nature Human Behaviour}
}


@article{Athey2022,
    title       = {Emotion- versus reasoning-based drivers of misinformation sharing: {A} field experiment using text message courses in Kenya},
    author      = {Athey, S. and Cersosimo, M. and Koutout, K. and Li, Z.},
    url         = {https://www.gsb.stanford.edu/faculty-research/working-papers/emotion-versus-reasoning-based-drivers-misinformation-sharing-field},
    date        = {2022},
    journal     = {Working Paper}
}


@article{Badrinathan2021,
    title       = {Educative interventions to combat misinformation: {E}vidence from a field experiment in India},
    author      = {Badrinathan, S.},
    number      = {4},
    volume      = {115},
    url         = {https://doi.org/10.1017/S0003055421000459},
    doi         = {10.1017/S0003055421000459},
    date        = {2021},
    pages       = {1325--1341},
    journal     = {American Political Science Review}
}


@article{Badrinathan2024,
    title       = {Misinformation and support for vigilantism: {A}n experiment in India and Pakistan},
    author      = {Badrinathan, S. and Chauchard, S. and Siddiqui, N.},
    url         = {https://doi.org/10.1017/S0003055424000790},
    doi         = {10.1017/S0003055424000790},
    date        = {2024},
    pages       = {1--19},
    journal     = {American Political Science Review}
}


@article{Badrinathan2024,
    title       = {Researching and countering misinformation in the Global South},
    author      = {Badrinathan, S. and Chauchard, S.},
    volume      = {55, Article 101733},
    url         = {https://doi.org/10.1016/j.copsyc.2023.101733},
    doi         = {10.1016/j.copsyc.2023.101733},
    date        = {2024},
    journal     = {Current Opinion in Psychology}
}


@inbook{L.2016,
    title       = {Chapter 10: {U}sing intervention mapping to adapt evidence-based interventions},
    author      = {L., Highfield and M., Hartman and D., Mullen P. and N, Leerlooijer J.},
    editor      = {Eldredge, L.K.Bartholomew and Markham, C.M. and Ruiter, R.A.C. and Fernandez, M.E. and Kok, G. and Parcel, G.S.},
    publisher   = {Jossey-Bass},
    date        = {2016},
    pages       = {597--649},
    booktitle     = {Planning health promotion programs: An intervention mapping approach}
}


@article{Basol2020,
    title       = {Good news about bad news: {G}amified inoculation boosts confidence and cognitive immunity against fake news},
    author      = {Basol, M. and Roozenbeek, J. and van der Linden, S.},
    number      = {1},
    volume      = {3},
    url         = {https://doi.org/10.5334/joc.91},
    doi         = {10.5334/joc.91},
    date        = {2020},
    journal     = {Journal of Cognition}
}


@article{Blair2023,
    title       = {Interventions to counter misinformation: {L}essons from the Global North and applications to the Global South},
    author      = {Blair, R. A. and Gottlieb, J. and Nyhan, B. and Paler, L. and Argote, P. and Stainfield, C. J.},
    volume      = {55, Article 101732},
    url         = {https://doi.org/10.1016/j.copsyc.2023.101732},
    doi         = {10.1016/j.copsyc.2023.101732},
    date        = {2023},
    journal     = {Current Opinion in Psychology}
}


@book{undefined2005,
    title       = {Encyclopedia of language \& linguistics},
    editor      = {Brown, E.K.},
    publisher   = {Elsevier},
    date        = {2005}
}


@article{Bowles2023,
    title       = {Sustaining exposure to fact-checks: {M}isinformation discernment, media consumption, and its political implications},
    author      = {Bowles, J. and Croke, K. and Larreguy, H. and Marshall, J. and Liu, S.},
    url         = {https://doi.org/10.2139/ssrn.4582703},
    doi         = {10.2139/ssrn.4582703},
    date        = {2023},
    journal     = {SSRN}
}


@article{Bowles2020,
    title       = {Countering misinformation via WhatsApp: {P}reliminary evidence from the {COVID}-19 pandemic in Zimbabwe},
    author      = {Bowles, J. and Larreguy, H. and Liu, S.},
    number      = {10},
    volume      = {15},
    url         = {https://doi.org/10.1371/journal.pone.0240005},
    doi         = {10.1371/journal.pone.0240005},
    date        = {2020},
    journal     = {PloS One}
}


@article{Camminga2024,
    title       = {How word meaning structure relates to executive functioning and theory of mind in children with developmental language disorder: {A} multiple case study},
    author      = {Camminga, T. F. and Hermans, D. and Segers, E. and Vissers, C.},
    volume      = {9, Article 23969415241268245},
    url         = {https://doi.org/10.1177/23969415241268245},
    doi         = {10.1177/23969415241268245},
    date        = {2024},
    journal     = {Autism \& Developmental Language Impairments}
}


@article{Card2011,
    title       = {How to adapt effective programs for use in new contexts},
    author      = {Card, J. J. and Solomon, J. and Cunningham, S. D.},
    number      = {1},
    volume      = {12},
    url         = {https://doi.org/10.1177/1524839909348592},
    doi         = {10.1177/1524839909348592},
    date        = {2011},
    pages       = {25--35},
    journal     = {Health Promotion Practice}
}


@article{Dahdouh-Guebas2003,
    title       = {Neo-colonial science by the most industrialised upon the least developed countries in peer-reviewed publishing},
    author      = {Dahdouh-Guebas, F. and Ahimbisibwe, J. and Van Moll, R. and Koedam, N.},
    volume      = {56},
    url         = {https://doi.org/10.1023/A:1022374703178},
    doi         = {10.1023/A:1022374703178},
    date        = {2003},
    pages       = {329--343},
    journal     = {Scientometrics}
}


@article{Escoffery2019,
    title       = {A scoping study of frameworks for adapting public health evidence-based interventions},
    author      = {Escoffery, C. and Lebow-Skelley, E. and Udelson, H. and Böing, E. A. and Wood, R. and Fernandez, M. E. and Mullen, P. D.},
    number      = {1},
    volume      = {9},
    url         = {https://doi.org/10.1093/tbm/ibx067},
    doi         = {10.1093/tbm/ibx067},
    date        = {2019},
    pages       = {1--10},
    journal     = {Translational Behavioral Medicine}
}


@article{Evans2021,
    title       = {How can we adapt complex population health interventions for new contexts? Progressing debates and research priorities},
    author      = {Evans, R. E. and Moore, G. and Movsisyan, A. and Rehfuess, E. and Panel, The A. D. A. P. T.},
    number      = {1},
    volume      = {75},
    url         = {https://doi.org/10.1136/jech-2020-214468.},
    doi         = {10.1136/jech-2020-214468.},
    date        = {2021},
    pages       = {40--45},
    journal     = {Journal of Epidemiology and Community Health}
}


@article{Gantayat2024,
    title       = {Taking the big leap | understanding, accessing and improving behavioural science interventions},
    author      = {Gantayat, N. and Ashok, A. and Manchi, P. and Pierce-Messick, R. and Porwal, R. and Gangaramany, A.},
    volume      = {12, Article 1355539},
    url         = {https://doi.org/10.3389/fpubh.2024.1355539},
    doi         = {10.3389/fpubh.2024.1355539},
    date        = {2024},
    journal     = {Frontiers in Public Health}
}


@article{Garg2022,
    title       = {Learning to Resist Misinformation},
    author      = {Garg, N. and Yadav, M.},
    url         = {https://assets.namangarg.net/papers/jmp\_latest.pdf},
    date        = {2022},
    journal     = {Working Paper}
}


@article{Gavin2022,
    title       = {Fighting the spread of {COVID}-19 misinformation in Kyrgyzstan, India, and the United States: {H}ow replicable are accuracy nudge interventions?},
    author      = {Gavin, L. and McChesney, J. and Tong, A. and Sherlock, J. and Foster, L. and Tomsa, S.},
    number      = {3},
    volume      = {3},
    url         = {https://doi.org/10.1037/tmb0000086},
    doi         = {10.1037/tmb0000086},
    date        = {2022},
    pages       = {1--12},
    journal     = {Technology, Mind, and Behavior}
}


@article{Ghai2021,
    title       = {It's time to reimagine sample diversity and retire the {WEIRD} dichotomy},
    author      = {Ghai, S.},
    volume      = {5},
    url         = {https://doi.org/10.1038/s41562-021-01175-9},
    doi         = {10.1038/s41562-021-01175-9},
    date        = {2021},
    pages       = {971--972},
    journal     = {Nature Human Behaviour}
}


@article{Guess2020,
    title       = {A digital media literacy intervention increases discernment between mainstream and false news in the United States and India},
    author      = {Guess, A. M. and Lerner, M. and Lyons, B. and Montgomery, J. M. and Nyhan, B. and Reifler, J. and Sircar, N.},
    number      = {27},
    volume      = {117},
    url         = {https://doi.org/10.1073/pnas.1920498117},
    doi         = {10.1073/pnas.1920498117},
    date        = {2020},
    pages       = {15536--15545},
    journal     = {Proceedings of the National Academy of Sciences}
}


@article{Guess2022,
    title       = {Digital literacy and online political behavior},
    author      = {Guess, A. M. and Munger, K.},
    number      = {1},
    volume      = {11},
    url         = {https://doi.org/10.1017/psrm.2022.17},
    doi         = {10.1017/psrm.2022.17},
    date        = {2022},
    pages       = {110--128},
    journal     = {Political Science Research and Methods}
}


@article{Gottlieb2022,
    title       = {Reducing misinformation in a polarized context: {E}xperimental evidence from Côte d'Ivoire},
    author      = {Gottlieb, J. and Adida, C. L. and Moussa, R.},
    url         = {https://doi.org/10.26085/C3Q30T},
    doi         = {10.26085/C3Q30T},
    date        = {2022},
    journal     = {Working Paper}
}


@article{Henrich2010,
    title       = {The weirdest people in the world?},
    author      = {Henrich, J. and Heine, S. J. and Norenzayan, A.},
    number      = {2-3},
    volume      = {33},
    url         = {https://doi.org/10.1017/S0140525X0999152X},
    doi         = {10.1017/S0140525X0999152X},
    date        = {2010},
    pages       = {61--83},
    journal     = {Behavioral and Brain Sciences}
}


@article{Hopkins2023,
    title       = {Co-designing a mobile-based game to improve misinformation resistance and vaccine knowledge in Uganda, Kenya, and Rwanda},
    author      = {Hopkins, K. L. and Lepage, C. and Cook, W. and Thomson, A. and Abeyesekera, S. and Knobler, S. and Boehman, N. and Thompson, B. and Waiswa, P. and Nambi Ssanyu, J. and Kabwijamu, L. and Wamalwa, B. and Aura, C. and Rukundo, J. C. and Cook, J.},
    number      = {sup2},
    volume      = {28},
    url         = {https://doi.org/10.1080/10810730.2023.2231377},
    doi         = {10.1080/10810730.2023.2231377},
    date        = {2023},
    pages       = {49--60},
    journal     = {Journal of Health Communication}
}


@inproceedings{HortaRibeiro2023,
    title       = {Automated content moderation increases adherence to community guidelines},
    author      = {Horta Ribeiro, M. and Cheng, J. and West, R.},
    url         = {https://doi.org/10.1145/3543507.3583275},
    doi         = {10.1145/3543507.3583275},
    date        = {2023},
    pages       = {2666--2676},
    booktitle     = {Proceedings of the ACM Web Conference 2023}
}


@article{Hruschka2018,
    title       = {Learning from failures of protocol in cross-cultural research},
    author      = {Hruschka, D. J. and Munira, S. and Jesmin, K. and Hackman, J. and Tiokhin, L.},
    number      = {45},
    volume      = {115},
    url         = {https://doi.org/10.1073/pnas.1721166115},
    doi         = {10.1073/pnas.1721166115},
    date        = {2018},
    pages       = {11428--11434},
    journal     = {Proceedings of the National Academy of Sciences}
}


@article{Iyengar2023,
    title       = {Inoculation against conspiracy theories: {A} consumer side approach to India's fake news problem},
    author      = {Iyengar, A. and Gupta, P. and Priya, N.},
    number      = {2},
    volume      = {37},
    url         = {https://doi.org/10.1002/acp.3995},
    doi         = {10.1002/acp.3995},
    date        = {2023},
    pages       = {290--303},
    journal     = {Applied Cognitive Psychology}
}


@article{Katsaros2024,
    title       = {Offensive comment filtering impact on online engagement: {A} large-scale randomized controlled trial on Nextdoor},
    author      = {Katsaros, M. and Grüning, D. J. and Lou, S.},
    url         = {https://doi.org/10.31234/osf.io/nxuqy},
    doi         = {10.31234/osf.io/nxuqy},
    date        = {2024},
    journal     = {PsyArXiv}
}


@article{Kiili2024,
    title       = {Tackling misinformation with games: {A} systematic literature review},
    author      = {Kiili, K. and Siuko, J. and Ninaus, M.},
    number      = {10},
    volume      = {32},
    url         = {https://doi.org/10.1080/10494820.2023.2299999},
    doi         = {10.1080/10494820.2023.2299999},
    date        = {2024},
    pages       = {7086--7101},
    journal     = {Interactive Learning Environments}
}


@article{Lin2024,
    title       = {Reducing misinformation sharing at scale using digital accuracy prompt ads},
    author      = {Lin, H. and Garro, H. and Wernerfelt, N. and Shore, J. C. and Hughes, A. and Deisenroth, D. and Barr, N. and Berinsky, A. J. and Eckles, D. and Pennycook, G. and Rand, D. G.},
    url         = {https://doi.org/10.31234/osf.io/u8anb},
    doi         = {10.31234/osf.io/u8anb},
    date        = {2024},
    journal     = {PsyArXiv}
}


@book{Luria1976,
    title       = {Cognitive Development: {I}ts Cultural and Social Foundations (M},
    author      = {Luria, A. R.},
    publisher   = {Lopez-Morillas \& L. Solotaroff, Trans.). Harvard University Press},
    date        = {1976}
}


@article{Ma2023,
    title       = {Fighting {COVID}-19 misinformation through an online game based on the inoculation theory: {A}nalyzing the mediating effects of perceived threat and persuasion knowledge},
    author      = {Ma, J. and Chen, Y. and Zhu, H. and Gan, Y.},
    number      = {2},
    volume      = {20},
    url         = {https://doi.org/10.3390/ijerph20020980},
    doi         = {10.3390/ijerph20020980},
    date        = {2023},
    pages       = {980},
    journal     = {International Journal of Environmental Research and Public Health}
}


@article{Matias2019,
    title       = {Preventing harassment and increasing group participation through social norms in 2,190 online science discussions},
    author      = {Matias, J. N.},
    number      = {20},
    volume      = {116},
    url         = {https://doi.org/10.1073/pnas.1813486116},
    doi         = {10.1073/pnas.1813486116},
    date        = {2019},
    pages       = {9785--9789},
    journal     = {Proceedings of the National Academy of Sciences}
}


@article{McGuire1961,
    title       = {Resistance to persuasion conferred by active and passive prior refutation of the same and alternative counterarguments},
    author      = {McGuire, W. J.},
    number      = {2},
    volume      = {63},
    url         = {https://doi.org/10.1037/h0048344.},
    doi         = {10.1037/h0048344.},
    date        = {1961},
    pages       = {326--332},
    journal     = {The Journal of Abnormal and Social Psychology}
}


@article{Mothkoor2021,
    title       = {The digital dream: {U}pskilling India for the future},
    author      = {Mothkoor, V. and Mumtaz, F.},
    url         = {https://www.ideasforindia.in/topics/governance/the-digital-dream-upskilling-india-for-the-future.html},
    date        = {2021},
    journal     = {Ideas for India}
}


@article{Offer-Westort2024,
    title       = {Battling the coronavirus ‘infodemic' among social media users in Kenya and Nigeria},
    author      = {Offer-Westort, M. and Rosenzweig, L. R. and Athey, S.},
    volume      = {8},
    url         = {https://doi.org/10.1038/s41562-023-01810-7},
    doi         = {10.1038/s41562-023-01810-7},
    date        = {2024},
    pages       = {823--834},
    journal     = {Nature Human Behaviour}
}


@article{Pereira2022,
    title       = {Inoculation reduces misinformation: {E}xperimental evidence from multidimensional interventions in Brazil},
    author      = {Pereira, F. B. and Bueno, N. S. and Nunes, F. and Pavão, N.},
    number      = {3},
    volume      = {11},
    url         = {https://doi.org/10.1017/XPS.2023.11},
    doi         = {10.1017/XPS.2023.11},
    date        = {2022},
    pages       = {239--250},
    journal     = {Journal of Experimental Political Science}
}


@article{Porter2021,
    title       = {The global effectiveness of fact-checking: {E}vidence from simultaneous experiments in Argentina, Nigeria, South Africa, and the United Kingdom},
    author      = {Porter, E. and Wood, T. J.},
    number      = {37},
    volume      = {118},
    url         = {https://doi.org/10.1073/pnas.2104235118},
    doi         = {10.1073/pnas.2104235118},
    date        = {2021},
    journal     = {Proceedings of the National Academy of Sciences}
}


@article{Porter2023,
    title       = {Correcting {COVID}-19 vaccine misinformation in 10 countries},
    author      = {Porter, E. and Velez, Y. and Wood, T. J.},
    number      = {3},
    volume      = {10},
    url         = {https://doi.org/10.1098/rsos.221097},
    doi         = {10.1098/rsos.221097},
    date        = {2023},
    pages       = {221097},
    journal     = {Royal Society Open Science}
}


@article{ofIndia2011,
    title       = {Census of India},
    author      = {of India, Registrar General},
    url         = {www.censusindia.gov.in},
    date        = {2011}
}


@inbook{Robert2013,
    title       = {Participatory action research: {U}sing experience-based co-design to improve the quality of healthcare services},
    author      = {Robert, G.},
    editor      = {Ziebland, S. and Calabrase, J. and Coulter, A. and Locock, L.},
    url         = {https://doi.org/10.1093/acprof:oso/9780199665372.003.0014},
    doi         = {10.1093/acprof:oso/9780199665372.003.0014},
    publisher   = {Oxford University Press},
    date        = {2013},
    pages       = {138--149},
    booktitle     = {Understanding and Using Experiences of Health and Illness}
}


@article{Roozenbeek2022,
    title       = {Psychological inoculation improves resilience against misinformation on social media},
    author      = {Roozenbeek, J. and van der Linden, S. and Goldberg, B. and Rathje, S. and Lewandowsky, S.},
    number      = {34},
    volume      = {8},
    url         = {https://doi.org/10.1126/sciadv.abo6254},
    doi         = {10.1126/sciadv.abo6254},
    date        = {2022},
    journal     = {Science Advances}
}


@article{Roozenbeek2024,
    title       = {Beyond the headlines: {O}n the efficacy and effectiveness of misinformation interventions},
    author      = {Roozenbeek, J. and Remshard, M. and Kyrychenko, Y.},
    volume      = {2, Article e24569},
    url         = {https://doi.org/10.56296/aip00019},
    doi         = {10.56296/aip00019},
    date        = {2024},
    journal     = {advances.in/psychology}
}


@article{Saxena2021,
    title       = {Mind your language: {H}ow fake news is clean-bowling big tech and what needs to be done},
    author      = {Saxena, K. and John, N.},
    url         = {https://economictimes.indiatimes.com/prime/technology-and-startups/mind-your-language-how-fake-news-is-clean-bowling-big-tech-and-what-needs-to-be-done/primearticleshow/88058557.cms?from=mdr},
    date        = {2021-12-03},
    journal     = {The Economic Times}
}


@inbook{Toomela2005,
    title       = {Decision making with incomplete information: {S}ystemic and nonsystemic ways of thinking in psychology and medicine},
    author      = {Toomela, A.},
    editor      = {Bibace, R. and Laird, J.D. and Noller, K.L. and Valsiner, J.},
    url         = {https://psycnet.apa.org/record/2005-01866-014.},
    publisher   = {Greenwood Publishing},
    date        = {2005},
    pages       = {231--241},
    booktitle     = {Science and medicine in dialogue: Thinking through particulars and universals}
}


@book{Toomela2020,
    title       = {Culture, speech, and My Self},
    author      = {Toomela, A.},
    publisher   = {Porcos ante Margaritas},
    date        = {2020}
}


@article{Toomela2020,
    title       = {Studies in the mentality of literates: {S}earching for the cultural Great Divide at the individual level of analysis},
    author      = {Toomela, A.},
    volume      = {54},
    url         = {https://doi.org/10.1007/s12124-019-09503-5},
    doi         = {10.1007/s12124-019-09503-5},
    date        = {2020},
    pages       = {1--29},
    journal     = {Integrative Psychological and Behavioral Science}
}


@article{Toomela2020,
    title       = {Studies in the mentality of literates: 2. Conceptual structure, cognitive inhibition and verbal regulation of behavior},
    author      = {Toomela, A. and Filho, D. B. and Bastos, A. C. S. and Chaves, A. M. and Ristum, M. and Chaves, S. S. and Salomão, S. J.},
    volume      = {54},
    url         = {https://doi.org/10.1007/s12124-020-09517-4},
    doi         = {10.1007/s12124-020-09517-4},
    date        = {2020},
    pages       = {880--902},
    journal     = {Integrative Psychological and Behavioural Science}
}


@article{Toomela2020,
    title       = {Studies in the mentality of literates: 1. Conceptual structure and aspects of visual perception},
    author      = {Toomela, A. and Filho, D. B. and Bastos, A. C. S. and Chaves, A. M. and Ristum, M. and Chaves, S. S. and Salomão, S. J.},
    volume      = {54},
    url         = {https://doi.org/10.1007/s12124-019-09511-5},
    doi         = {10.1007/s12124-019-09511-5},
    date        = {2020},
    pages       = {465--493},
    journal     = {Integrative Psychological and Behavioral Science}
}


@article{Toomela2023,
    title       = {Studies in the mentality of literates: 3. Conceptual structure and nonsense of personality testing},
    author      = {Toomela, A. and Filho, D. B. and Bastos, A. C. S. and Chaves, A. M. and Ristum, M. and Chaves, S. S. and Salomão, S. J. and Pulver, A.},
    volume      = {57},
    url         = {https://doi.org/10.1007/s12124-022-09706-3},
    doi         = {10.1007/s12124-022-09706-3},
    date        = {2023},
    pages       = {117--150},
    journal     = {Integrative Psychological and Behavioral Science}
}


@article{withoutBorders2019,
    title       = {Language data for Nigeria},
    author      = {without Borders, Translators},
    url         = {https://translatorswithoutborders.org/northeast-nigeria-language-map/},
    date        = {2019}
}


@book{Valsiner2017,
    title       = {From methodology to methods in human psychology},
    author      = {Valsiner, J. and Chaudhary, N. and Benetka, G.},
    url         = {https://doi.org/10.1007/978-3-319-61064-1},
    doi         = {10.1007/978-3-319-61064-1},
    publisher   = {Springer International Publishing. SpringerBriefs in Psychology},
    date        = {2017}
}


@article{VanderLinden2023,
    title       = {Psychological inoculation against misinformation},
    author      = {Van der Linden, S.},
    number      = {12},
    volume      = {94},
    url         = {https://doi.org/10.1136/JNNP-2023-BNPA.9},
    doi         = {10.1136/JNNP-2023-BNPA.9},
    date        = {2023},
    journal     = {Journal of Neurology, Neurosurgery \& Psychiatry}
}


@article{Vygotsky2012,
    title       = {Thought and language},
    author      = {Vygotsky, L. S.},
    editor      = {Hanfmann, E. and Vakar, G.},
    publisher   = {MIT Press},
    date        = {2012}
}
