%% LaTeX2e file `bibliography.bib'
%% generated by the `filecontents' environment
%% from source `main' on 2025/01/19.
%%
 @book{undefined2021,
    title       = {Epistemic uses of imagination},
    editor      = {Badura, C. and Kind, A.},
    publisher   = {Routledge},
    date        = {2021}
}


@article{Burhenne2013,
    title       = {Effect of feedstock water content and pyrolysis temperature on the structure and reactivity of spruce wood char produced in fixed bed pyrolysis},
    author      = {Burhenne, L. and Damiani, M. and Aicher, T.},
    volume      = {107},
    url         = {https://doi.org/10.1016/j.fuel.2013.01.033},
    doi         = {10.1016/j.fuel.2013.01.033},
    date        = {2013},
    pages       = {836--847},
    journal     = {Fuel}
}


@book{Feyerabend1985,
    title       = {Problems of Empiricism: {V}olume 2: {P}hilosophical Papers},
    author      = {Feyerabend, P. K.},
    publisher   = {Cambridge University Press},
    date        = {1985}
}


@inbook{Lintner2012,
    title       = {Integrale Klärschlammverwertung: {A}lternative Verwertungspfade für die Kläranlagen Breisach},
    author      = {Lintner, C. and Roßmann, M. and Aicher, T.},
    date        = {2012},
    booktitle     = {Forchheim, Grezhausen und Grißheim. Fraunhofer Institut für Solare Energiesysteme (ISE}
}


@article{Roser2020,
    title       = {Why did renewables become so cheap so fast? Our World in Data},
    author      = {Roser, M.},
    url         = {https://ourworldindata.org/cheap-renewables-growth},
    date        = {2020}
}


@thesis{Roßmann2012,
    title       = {Reduktionsreaktionen bei der Festbettvergasung von Biomasse},
    author      = {Roßmann, M.},
    publisher   = {Hochschule Mannheim},
    date        = {2012},
    booktitle     = {[Bachelor thesis]}
}


@article{Roßmann2021,
    title       = {Vision as make-believe: {H}ow narratives and models represent sociotechnical futures},
    author      = {Roßmann, M.},
    number      = {1},
    volume      = {8},
    url         = {https://doi.org/10.1080/23299460.2020.1853395},
    doi         = {10.1080/23299460.2020.1853395},
    date        = {2021},
    pages       = {70--93},
    journal     = {Journal of Responsible Innovation}
}


@inbook{Salis2020,
    title       = {Capturing the scientific imagination},
    author      = {Salis, F. and Frigg, R.},
    editor      = {Levy, A. and Godfrey-Smith, P.},
    url         = {https://doi.org/10.1093/oso/9780190212308.003.0002},
    doi         = {10.1093/oso/9780190212308.003.0002},
    publisher   = {Oxford University Press},
    date        = {2020},
    pages       = {17--50},
    booktitle     = {The Scientific Imagination}
}


@article{Stahl2015,
    title       = {How many molecules does it take to tell a story? Case studies, language, and an epistemic view of medicinal chemistry},
    author      = {Stahl, M. and Baier, S.},
    number      = {6},
    volume      = {10},
    url         = {https://doi.org/10.1002/cmdc.201500091},
    doi         = {10.1002/cmdc.201500091},
    date        = {2015},
    pages       = {949--956},
    journal     = {ChemMedChem}
}


@article{Stuart2022,
    title       = {Scientists are epistemic consequentialists about imagination},
    author      = {Stuart, M. T.},
    number      = {3},
    volume      = {90},
    url         = {https://doi.org/10.1017/psa.2022.31},
    doi         = {10.1017/psa.2022.31},
    date        = {2022},
    pages       = {518--538},
    journal     = {Philosophy of Science}
}


@article{Tan2011,
    title       = {Phosphorus recovery from the biomass ash: {A} review},
    author      = {Tan, Z. and Lagerkvist, A.},
    number      = {8},
    volume      = {15},
    url         = {https://doi.org/10.1016/j.rser.2011.05.016},
    doi         = {10.1016/j.rser.2011.05.016},
    date        = {2011},
    pages       = {3588--3602},
    journal     = {Renewable and Sustainable Energy Reviews}
}


@thesis{Tepper2005,
    title       = {Zur Vergasung von Rest- und Abfallholz in Wirbelschichtreaktoren für dezentrale Energieversorgungsanlagen},
    author      = {Tepper, H.},
    url         = {https://doi.org/10.25673/4650},
    doi         = {10.25673/4650},
    publisher   = {Otto von Guericke University]. Universitätsbibliothek Otto von Guericke University Library},
    date        = {2005},
    booktitle     = {[Doctoral dissertation,}
}
