%% LaTeX2e file `bibliography.bib'
%% generated by the `filecontents' environment
%% from source `main' on 2024/05/31.
%%
 @article{undefined2017,
    title       = {the metabolic switch: {U}nderstanding and applying the health benefits of fasting},
    author      = {Anton, S. D., Moehl, K., Donahoo, W. T., Marosi, K., Lee, S. A., Mainous, A. G., Leeuwenburgh, C., \&, Mattson, M. P.},
    number      = {2},
    volume      = {26},
    url         = {https://doi.org/10.1002/oby.22065},
    doi         = {10.1002/oby.22065},
    date        = {2017},
    pages       = {254--268},
    journal     = {Obesity}
}


@article{Antoni2017,
    title       = {Effects of intermittent fasting on glucose and lipid metabolism. Proceedings of the Nutrition Society, 76(3},
    author      = {Antoni, R. and Johnston, K. L. and Collins, A. L. and Robertson, M. D.},
    url         = {https://doi.org/10.1017/s0029665116002986},
    doi         = {10.1017/s0029665116002986},
    date        = {2017},
    pages       = {361--368}
}


@article{Appleton2015,
    title       = {Distraction, not hunger, is associated with lower mood and lower perceived work performance on fast compared to non-fast days during intermittent fasting},
    author      = {Appleton, K. M. and Baker, S.},
    number      = {6},
    volume      = {20},
    url         = {https://doi.org/10.1177/1359105315573430},
    doi         = {10.1177/1359105315573430},
    date        = {2015},
    pages       = {702--711},
    journal     = {Journal of Health Psychology}
}


@article{Arnold2018,
    title       = {insulin resistance in type 2 diabetes and Alzheimer disease: concepts and conundrums},
    author      = {Arnold, S. E. and Arvanitakis, Z. and Macauley-Rambach, S. L. and Koenig, A. M. and Wang, H.-Y. and Ahima, R. S. and Craft, S. and Gandy, S. and Buettner, C. and Stoeckel, L. E. and Holtzman, D. M. and Nathan, D. M.},
    number      = {3},
    volume      = {14},
    url         = {https://doi.org/10.1038/nrneurol.2017.185},
    doi         = {10.1038/nrneurol.2017.185},
    date        = {2018},
    pages       = {168--181},
    journal     = {Nature Reviews Neurology}
}


@article{Arnoldussen2014,
    title       = {Obesity and dementia: {A}dipokines interact with the brain. European Neuropsychopharmacology, 24(12},
    author      = {Arnoldussen, I. A. and Kiliaan, A. J. and Gustafson, D. R.},
    url         = {https://doi.org/10.1016/j.euroneuro.2014.03.002},
    doi         = {10.1016/j.euroneuro.2014.03.002},
    date        = {2014}
}


@inbook{Axelrod2007,
    title       = {Nonrandomized interventional study designs (quasi-experimental designs},
    author      = {Axelrod, D. A. and Hayward, R.},
    editor      = {Penson, D.F. and Wei, J.T.},
    url         = {https://doi.org/10.1007/978-1-59745-230-4},
    doi         = {10.1007/978-1-59745-230-4},
    publisher   = {Humana Totowa},
    date        = {2007},
    pages       = {63--76},
    booktitle     = {Clinical Research Methods for Surgeons}
}


@article{Backhaus2002,
    title       = {Test--retest reliability and validity of the Pittsburgh Sleep Quality Index in primary insomnia. Journal of Psychosomatic Research, 53(3},
    author      = {Backhaus, J. and Junghanns, K. and Broocks, A. and Riemann, D. and Hohagen, F.},
    url         = {https://doi.org/10.1016/s0022-3999(02)00330-6},
    doi         = {10.1016/s0022-3999(02)00330-6},
    date        = {2002},
    pages       = {737--740}
}


@article{Barnosky2014,
    title       = {Intermittent fasting vs daily calorie restriction for type 2 diabetes prevention: a review of human findings. Translational Research, 164(4},
    author      = {Barnosky, A. R. and Hoddy, K. K. and Unterman, T. G. and Varady, K. A.},
    url         = {https://doi.org/10.1016/j.trsl.2014.05.013},
    doi         = {10.1016/j.trsl.2014.05.013},
    date        = {2014},
    pages       = {302--311}
}


@article{Bear2021,
    title       = {The microbiome-gut-brain axis and resilience to developing anxiety or depression under stress. Microorganisms, 9(4},
    author      = {Bear, T. and Dalziel, J. and Coad, J. and Roy, N. and Butts, C. and Gopal, P.},
    volume      = {723},
    url         = {https://doi.org/10.3390/microorganisms9040723},
    doi         = {10.3390/microorganisms9040723},
    date        = {2021},
    journal     = {Article}
}


@article{Bedrosian2017,
    title       = {Timing of light exposure affects mood and brain circuits. Translational Psychiatry, 7(1},
    author      = {Bedrosian, T. A. and Nelson, R. J.},
    url         = {https://doi.org/10.1038/tp.2016.262},
    doi         = {10.1038/tp.2016.262},
    date        = {2017},
    pages       = {1017-- 1017}
}


@article{Bekinschtein2014,
    author      = {Bekinschtein, P. and Cammarota, M. and Medina, J. H.},
    number      = {armacology, 76},
    url         = {https://doi.org/10.1016/j.neuropharm.2013.04.024},
    doi         = {10.1016/j.neuropharm.2013.04.024},
    date        = {2014},
    pages       = {677--683},
    journal     = {BDNF and memory}
}


@article{Benau2021,
    title       = {How does fasting affect cognition? An updated systematic review (2013-2020},
    author      = {Benau, E. M. and Makara, A. and Orloff, N. C. and Benner, E. and Serpell, L. and Timko, C. A.},
    number      = {4},
    volume      = {10},
    url         = {https://doi.org/10.1007/s13668-021-00370-4},
    doi         = {10.1007/s13668-021-00370-4},
    date        = {2021},
    pages       = {376--390},
    journal     = {Current Nutrition Reports}
}


@article{Benau2014,
    title       = {A systematic review of the effects of experimental fasting on cognition},
    author      = {Benau, E. M. and Orloff, N. C. and Janke, E. A. and Serpell, L. and Timko, C. A.},
    volume      = {77},
    url         = {https://doi.org/10.1016/j.appet.2014.02.014},
    doi         = {10.1016/j.appet.2014.02.014},
    date        = {2014},
    pages       = {52--61},
    journal     = {Appetite}
}


@article{Boer1984,
    title       = {Estimated lean body mass as an index for normalization of body fluid volumes in man},
    author      = {Boer, P.},
    number      = {4 pt 2},
    volume      = {247},
    url         = {https://doi.org/10.1152/ajprenal.1984.247.4.F632},
    doi         = {10.1152/ajprenal.1984.247.4.F632},
    date        = {1984},
    pages       = {632-- 635},
    journal     = {American Journal of Physiology}
}


@article{Bopp2005,
    title       = {Aging and verbal memory span: {A} meta-analysis. The Journals of Gerontology Series B: {P}sychological Sciences and Social Sciences, 60(5},
    author      = {Bopp, K. L. and Verhaeghen, P.},
    url         = {https://doi.org/10.1093/geronb/60.5.p223},
    doi         = {10.1093/geronb/60.5.p223},
    date        = {2005},
    pages       = {223-- 233}
}


@article{Bowen2018,
    title       = {Randomized trial of a high protein, partial meal replacement program with or without alternate day fasting: {S}imilar effects on weight loss, retention status, nutritional, metabolic, and behavioral outcomes. Nutrients, 10(9},
    author      = {Bowen, J. and Brindal, E. and James-Martin, G. and Noakes, M.},
    url         = {https://doi.org/10.3390/nu10091145},
    doi         = {10.3390/nu10091145},
    date        = {2018},
    journal     = {Article}
}


@article{undefined2015,
    title       = {Sleep inertia, sleep homeostatic and circadian influences on higher-order cognitive functions. Journal of Sleep},
    author      = {Burke, T. M., Scheer, F. A., Ronda, J. M., Czeisler, C. A., \& Wright Jr, K. P.},
    number      = {4},
    volume      = {24},
    url         = {https://doi.org/10.1111/jsr.12291},
    doi         = {10.1111/jsr.12291},
    date        = {2015},
    pages       = {364--371}
}


@article{undefined1989,
    title       = {The Pittsburgh Sleep Quality Index: {A} new instrument for psychiatric practice and research. Psychiatry},
    author      = {Buysse, D. J., Reynolds III, C. F., Monk, T. H., Berman, S. R., \& Kupfer, D. J.},
    number      = {2},
    volume      = {28},
    url         = {https://doi.org/10.1016/0165-1781(89)90047-4},
    doi         = {10.1016/0165-1781(89)90047-4},
    date        = {1989},
    pages       = {193--213}
}


@article{Ceppa2018,
    title       = {evidence linking diet to gut microbiota and brain development and function},
    author      = {Ceppa, F. and Mancini, A. and Tuohy, K.},
    number      = {1},
    volume      = {70},
    url         = {https://doi.org/10.1080/09637486.2018.1462309},
    doi         = {10.1080/09637486.2018.1462309},
    date        = {2018},
    pages       = {1--19},
    journal     = {International Journal of Food Sciences and Nutrition}
}


@article{Chaix2019,
    title       = {Time-restricted feeding prevents obesity and metabolic syndrome in mice lacking a circadian clock. Cell Metabolism, 29(2},
    author      = {Chaix, A. and Lin, T. and Le, H. D. and Chang, M. W. and Panda, S.},
    url         = {https://doi.org/10.1016/j.cmet.2018.08.004},
    doi         = {10.1016/j.cmet.2018.08.004},
    date        = {2019},
    pages       = {303--319}
}


@article{Chamari2016,
    title       = {Impact of Ramadan intermittent fasting on cognitive function in trained cyclists: {A} pilot study},
    author      = {Chamari, K. and Briki, W. and Farooq, A. and Patrick, T. and Belfekih and Herrera, C. P.},
    number      = {1},
    volume      = {33},
    url         = {https://doi.org/10.5604/20831862.1185888},
    doi         = {10.5604/20831862.1185888},
    date        = {2016},
    pages       = {49--56},
    journal     = {Biology of Sport}
}


@article{Chellappa2018,
    title       = {Daily circadian misalignment impairs human cognitive performance task-dependently. Scientific Reports, 8, Article 3041},
    author      = {Chellappa, S. L. and Morris, C. J. and Scheer, F. A. J. L.},
    url         = {https://doi.org/10.1038/s41598-018-20707-4},
    doi         = {10.1038/s41598-018-20707-4},
    date        = {2018}
}


@article{Chellappa2019,
    title       = {of circadian misalignment on cognition in chronic shift workers},
    author      = {Chellappa, S. L. and Morris, C. J. and Scheer, F. A. J. L.},
    volume      = {9, Article 699},
    url         = {https://doi.org/10.1038/s41598-018-36762-w},
    doi         = {10.1038/s41598-018-36762-w},
    date        = {2019},
    journal     = {Scientific Reports}
}


@article{Colzato2013,
    title       = {Working memory reloaded: {T}yrosine repletes updating in the N-back task. Frontiers in Behavioral Neuroscience, 7, Article 200},
    author      = {Colzato, L. and Jongkees, B. and Sellaro, R. and Hommel, B.},
    doi         = {10.3389/fnbeh.2013.00200},
    date        = {2013}
}


@article{Cornoldi2013,
    title       = {Intelligence and working memory control: {E}vidence from the {WISC}-{IV} administration to Italian children. Learning and Individual Differences, 26},
    author      = {Cornoldi, C. and Orsini, A. and Cianci, L. and Giofrè, D. and Pezzuti, L.},
    doi         = {10.1016/j.lindif.2013.04.005},
    date        = {2013},
    pages       = {9--14}
}


@article{Currenti2021,
    title       = {Time restricted feeding and mental health: {A} review of possible mechanisms on affective and cognitive disorders. International},
    author      = {Currenti, W. and Godos, J. and Castellano, S. and Mogavero, M. P. and Ferri, R. and Caraci, F. and Grosso, G. and Galvano, F.},
    number      = {6},
    volume      = {72},
    doi         = {10.1080/09637486.2020.1866504},
    date        = {2021},
    pages       = {723--733},
    journal     = {Journal of Food Sciences and}
}


@article{DeCabo2019,
    title       = {of intermittent fasting on health, aging, and disease},
    author      = {De Cabo, R. and Mattson, M. P.},
    number      = {26},
    volume      = {381},
    doi         = {10.1056/nejmra1905136},
    date        = {2019},
    pages       = {2541--2551},
    journal     = {New England Journal of Medicine}
}


@article{DeLuca2019,
    title       = {The microbiome in autoimmune diseases. Clinical \&},
    author      = {De Luca, F. and Shoenfeld, Y.},
    number      = {1},
    volume      = {195},
    doi         = {10.1111/cei.13158},
    date        = {2019},
    pages       = {74--85},
    journal     = {Experimental}
}


@article{Dias2021,
    title       = {Intermittent fasting enhances long-term memory consolidation, adult hippocampal neurogenesis},
    author      = {Dias, G. P. and Murphy, T. and Stangl, D. and Ahmet, S. and Morisse, B. and Nix, A. and Aimone, L. J. and Aimone, J. B. and Kuro-O, M. and Gage, F. H. and Thuret, S.},
    volume      = {26},
    doi         = {10.1038/s41380-021-01102-4},
    date        = {2021},
    pages       = {6365--6379},
    journal     = {and expression of longevity gene Klotho. Molecular Psychiatry}
}


@article{Donnadieu-Rigole2016,
    title       = {Prevalence of psychoactive substance consumption in people with obesity. Substance Use \&},
    author      = {Donnadieu-Rigole, H. and Olive, L. and Nalpas, B. and Duny, Y. and Nocca, D. and Perney, P.},
    number      = {12},
    volume      = {51},
    doi         = {10.1080/10826084.2016.1191514},
    date        = {2016},
    pages       = {1649--1654}
}


@article{Edwards2011,
    title       = {Short-term consumption of a high-fat diet impairs whole-body efficiency and cognitive function in sedentary men. The {FASEB}},
    author      = {Edwards, L. M. and Murray, A. J. and Holloway, C. J. and Carter, E. E. and Kemp, G. J. and Codreanu, I. and Brooker, H. and Tyler, D. J. and Robbins, P. A. and Clarke, K.},
    number      = {3},
    volume      = {25},
    doi         = {10.1096/fj.10-171983},
    date        = {2011},
    pages       = {1088--1096}
}


@article{ElAidy2012,
    title       = {and spatial interplay of microbiota and intestinal mucosa drive establishment of immune homeostasis in conventionalized mice},
    author      = {El Aidy, S. and van Baarlen, P. and Derrien, M. and Lindenbergh-Kortleve, D. J. and Hooiveld, G. and Levenez, F. and Doré, J. and Dekker, J. and Samsom, J. N. and Nieuwenhuis, E. and Kleerebezem, M.},
    number      = {5},
    volume      = {5},
    doi         = {10.1038/mi.2012.32},
    date        = {2012},
    pages       = {567--579},
    journal     = {Mucosal Immunology}
}


@article{Fan2002,
    title       = {Testing the efficiency and independence of attentional networks},
    author      = {Fan, J. and McCandliss, B. D. and Sommer, T. and Raz, A. and Posner, M. I.},
    number      = {3},
    volume      = {14},
    doi         = {10.1162/089892902317361886},
    date        = {2002},
    pages       = {340--347},
    journal     = {Journal of Cognitive Neuroscience}
}


@article{Faris2020,
    title       = {Effect of diurnal fasting on sleep during Ramadan: {A} systematic review and meta-analysis. Sleep and Breathing, 24(2},
    author      = {Faris, M. E. A. I. E. and Jahrami, H. A. and Alhayki, F. A. and Alkhawaja, N. A. and Ali, A. M. and Aljeeb, S. H. and Abdulghani, I. H. and BaHammam, A. S.},
    doi         = {10.1007/s11325-019-01986-1},
    date        = {2020},
    pages       = {771--782}
}


@article{Farooq2015,
    title       = {A prospective study of the physiological and neurobehavioral effects of Ramadan fasting in preteen and teenage boys. Journal of the Academy of Nutrition and Dietetics, 115(6},
    author      = {Farooq, A. and Herrera, C. P. and Almudahka, F. and Mansour, R.},
    doi         = {10.1016/j.jand.2015.02.012},
    date        = {2015},
    pages       = {889--897}
}


@article{Farooq2010,
    title       = {Effect of fasting during Ramadan on serum lithium level and mental state in bipolar affective disorder. International Clinical Psychopharmacology, 25(6},
    author      = {Farooq, S. and Nazar, Z. and Akhtar, J. and Irfan, M. and Subhan, F. and Ahmed, Z. and Khan, I. H. and Naeem, F.},
    doi         = {10.1097/yic.0b013e3283466ed3},
    date        = {2010},
    pages       = {323--327}
}


@article{Faul2007,
    title       = {G*Power 3: {A} flexible statistical power analysis program for the social, behavioral, and biomedical sciences},
    author      = {Faul, F. and Erdfelder, E. and Lang, A.-G. and Buchner, A.},
    volume      = {39},
    url         = {https://doi.org/10.3758/BF03193146},
    doi         = {10.3758/BF03193146},
    date        = {2007},
    pages       = {175--191},
    journal     = {Behavior Research Methods}
}


@article{Fernando2019,
    title       = {Effect of Ramadan fasting on weight and body composition in healthy non-athlete adults: a systematic review and meta-analysis. Nutrients, 11(2},
    author      = {Fernando, H. A. and Zibellini, J. and Harris, R. A. and Seimon, R. V. and Sainsbury, A.},
    volume      = {478},
    doi         = {10.3390/nu11020478},
    date        = {2019},
    journal     = {Article}
}


@article{Forslund2015,
    title       = {type 2 diabetes and metformin treatment signatures in the human gut microbiota},
    author      = {Forslund, K. and Hildebrand, F. and Nielsen, T. and Falony, G. and Le Chatelier, E. and Sunagawa, S. and Prifti, E. and Vieira-Silva, V. and Gudmundsdottir, V. and Pedersen, H. K. and Arumugam, M. and Kristiansen, K. and Voigt, A. Y. and Vestergaard, H. and Hercog, R. and Costea, P. I. and Kultima, J. R. and Li, J. and Jørgensen, T. and Pedersen, O.},
    volume      = {528},
    doi         = {10.1038/nature15766},
    date        = {2015},
    pages       = {262--266},
    journal     = {Nature}
}


@article{Fujimura2016,
    title       = {Neonatal gut microbiota associates with childhood multisensitized atopy and T cell differentiation. Nature Medicine, 22(10},
    author      = {Fujimura, K. E. and Sitarik, A. R. and Havstad, S. and Lin, D. L. and Levan, S. and Fadrosh, D. and Panzer, A. R. and LaMere, B. and Rackaityte, E. and Lukacs, N. V. and Wegienka, G. and Boushey, H. A. and Ownby, D. R. and Zoratti, E. M. and Levin, A. M. and Johnson, C. C. and Lynch, S. V.},
    doi         = {10.1038/nm.4176},
    date        = {2016},
    pages       = {1187--1191}
}


@article{Ganson2022,
    title       = {Intermittent fasting: {D}escribing engagement and associations with eating disorder behaviors and psychopathology among Canadian adolescents and young adults},
    author      = {Ganson, K. T. and Cuccolo, K. and Hallward, L. and Nagata, J. M.},
    volume      = {47, Article 101681},
    url         = {https://doi.org/10.1016/j.eatbeh.2022.101681},
    doi         = {10.1016/j.eatbeh.2022.101681},
    date        = {2022},
    journal     = {Eating Behaviors}
}


@article{GhayourNajafabadi2015,
    title       = {Ramadan fasting adversely affect cognitive function in young females?},
    author      = {Ghayour Najafabadi, M. and Rahbar Nikoukar, L. and Memari, A. and Ekhtiari, H. and Beygi, S.},
    volume      = {432428},
    doi         = {10.1155/2015/432428},
    date        = {2015},
    journal     = {Scientifica}
}


@article{Giles2012,
    title       = {Differential cognitive effects of energy drink ingredients},
    author      = {Giles, G. E. and Mahoney, C. R. and Brunyé, T. T. and Gardony, A. L. and Taylor, H. A. and Kanarek, R. B.},
    number      = {4},
    volume      = {102},
    doi         = {10.1016/j.pbb.2012.07.004},
    date        = {2012},
    pages       = {569--577},
    journal     = {Caffeine, taurine, and glucose. Pharmacology Biochemistry and}
}


@article{Giofrè2016,
    title       = {and backward digit span difficulties in children with specific learning disorder},
    author      = {Giofrè, D. and Stoppa, E. and Ferioli, P. and Pezzuti, L. and Cornoldi, C.},
    number      = {4},
    volume      = {38},
    doi         = {10.1080/13803395.2015.1125454},
    date        = {2016},
    pages       = {478--486},
    journal     = {Journal of Clinical and Experimental Neuropsychology}
}


@article{Glazier2018,
    title       = {The effect of Ramadan fasting during pregnancy on perinatal outcomes: a systematic review and meta-analysis. {BMC} Pregnancy and Childbirth, 18, Article 421},
    author      = {Glazier, J. D. and Hayes, D. J. and Hussain, S. and D'Souza, S. W. and Whitcombe, J. and Heazell, A. E. and Ashton, N.},
    doi         = {10.1186/s12884-018-2048-y},
    date        = {2018}
}


@article{Gnoni2021,
    title       = {Is there any role of intermittent fasting in the prevention and improving clinical outcomes of {COVID}-19? Intersection between inflammation, m{TOR} pathway},
    author      = {Gnoni, M. and Beas, R. and Vásquez-Garagatti, R.},
    volume      = {32},
    doi         = {10.1007/s13337-021-00703-5},
    date        = {2021},
    pages       = {625--634},
    journal     = {autophagy and calorie restriction. VirusDisease}
}


@article{Gudden2021,
    title       = {The effects of intermittent fasting on brain and cognitive function. Nutrients, 13(9},
    author      = {Gudden, J. and Arias Vasquez, A. and Bloemendaal, M.},
    volume      = {3166},
    doi         = {10.3390/nu13093166},
    date        = {2021},
    journal     = {Article}
}


@article{Harder-Lauridsen2017,
    title       = {Ramadan model of intermittent fasting for 28 d had no major effect on body composition, glucose metabolism, or cognitive functions in healthy lean men},
    author      = {Harder-Lauridsen, N. M. and Rosenberg, A. and Benatti, F. B. and Damm, J. A. and Thomsen, C. and Mortensen, E. L. and Pedersen, B. K. and Krogh-Madsen, R.},
    volume      = {37},
    doi         = {10.1016/j.nut.2016.12.015},
    date        = {2017},
    pages       = {92--103},
    journal     = {Nutrition}
}


@article{Harvie2010,
    title       = {effects of intermittent or continuous energy restriction on weight loss and metabolic disease risk markers: {A} randomized trial in young overweight women},
    author      = {Harvie, M. N. and Pegington, M. and Mattson, M. P. and Frystyk, J. and Dillon, B. and Evans, G. and Cuzick, J. and Jebb, S. A. and Martin, B. and Cutler, R. G. and Son, T. G. and Maudsley, S. and Carlson, O. D. and Egan, J. M. and Flyvbjerg, A. and Howell, A.},
    number      = {5},
    volume      = {35},
    url         = {714--727. doi:10.1038/ijo.2010.171 },
    date        = {2010},
    journal     = {International Journal of Obesity}
}


@article{Hatori2012,
    title       = {Time-restricted feeding without reducing caloric intake prevents metabolic diseases in mice fed a high-fat diet. Cell Metabolism, 15(6},
    author      = {Hatori, M. and Vollmers, C. and Zarrinpar, A. and DiTacchio, L. and Bushong, E. A. and Gill, S. and Leblanc, M. and Chaix, A. and Joens, M. and Fitzpatrick, J. A. J. and Ellisman, M. H. and Panda, S.},
    doi         = {10.1016/j.cmet.2012.04.019},
    date        = {2012},
    pages       = {848--860}
}


@article{Heilbronn2006,
    title       = {Effect of 6-month calorie restriction on biomarkers of longevity, metabolic adaptation, and oxidative stress in overweight individuals: a randomized controlled},
    author      = {Heilbronn, L. K. and de Jonge, L. and Frisard, M. I. and DeLany, J. P. and Larson-Meyer, D. E. and Rood, J. and Nguyen, T. and Martin, C. K. and Volaufova, J. and Most, M. M. and Greenway, F. L. and Smith, S. R. and Deutsch, W. A. and Williamson, D. A. and Ravussin, E.},
    number      = {13},
    volume      = {295},
    doi         = {10.1001/jama.295.13.1539},
    date        = {2006},
    pages       = {1539--1548}
}


@article{Heymsfield2012,
    title       = {content of weight loss: {K}inetic features during voluntary caloric restriction},
    author      = {Heymsfield, S. B. and Thomas, D. and Martin, C. K. and Redman, L. M. and Strauss, B. and Bosy-Westphal, A. and Müller, M. J. and Shen, W. and Martin Nguyen, A.},
    number      = {7},
    volume      = {61},
    doi         = {10.1016/j.metabol.2011.11.012},
    date        = {2012},
    pages       = {937--943},
    journal     = {Metabolism}
}


@article{Hofer2008,
    title       = {Long-term effects of caloric restriction or exercise on {DNA} and {RNA} oxidation levels in white blood cells and urine in humans},
    author      = {Hofer, T. and Fontana, L. and Anton, S. D. and Weiss, E. P. and Villareal, D. and Malayappan, B. and Leeuwenburgh, C.},
    number      = {4},
    volume      = {11},
    doi         = {10.1089/rej.2008.0712},
    date        = {2008},
    pages       = {793--799},
    journal     = {Rejuvenation Research}
}


@article{Hussin2013,
    title       = {of fasting and calorie restriction ({FCR}) on mood and depression among ageing men},
    author      = {Hussin, N. M. and Shahar, S. and Teng, N. I. M. F. and Ngah, W. Z. W. and Das, S. K.},
    number      = {8},
    volume      = {17},
    doi         = {10.1007/s12603-013-0344-9},
    date        = {2013},
    pages       = {674--680},
    journal     = {The Journal of Nutrition, Health \& Aging}
}


@article{Idrobo1987,
    title       = {Dietary restriction: {E}ffects on radial maze learning and lipofuscin pigment deposition in the hippocampus and frontal cortex. Archives of},
    author      = {Idrobo, F. and Nandy, K. and Mostofsky, D. I. and Blatt, L. and Nandy, L.},
    number      = {4},
    volume      = {6},
    doi         = {10.1016/0167-4943(87)90014-8},
    date        = {1987},
    pages       = {355--362},
    journal     = {Gerontology and}
}


@article{Imayama2012,
    title       = {Effects of a caloric restriction weight loss diet and exercise on inflammatory biomarkers in overweight/obese postmenopausal women: {A} randomized controlled trial. Cancer Research, 72(9},
    author      = {Imayama, I. and Ulrich, C. M. and Alfano, C. M. and Wang, C. and Xiao, L. and Wener, M. H. and Campbell, K. L. and Duggan, C. and Foster-Schubert, K. E. and Kong, A. and Mason, C. E. and Wang, C. and Blackburn, G. L. and Bain, C. E. and Thompson, C. J. and McTiernan, A.},
    doi         = {10.1158/0008-5472.can-11-3092},
    date        = {2012},
    pages       = {2314--2326}
}


@article{undefined1987,
    title       = {Dietary restriction benefits learning and motor performance of aged mice. Journal of Gerontology, 42(1},
    author      = {Ingram, D. K., Weindruch, R., Spangler, E. L., Freeman, J. R., \&Walford, R. L.},
    doi         = {10.1093/geronj/42.1.78},
    date        = {1987},
    pages       = {78--81}
}


@article{Jaeggi2010,
    title       = {concurrent validity of the N-back task as a working memory measure},
    author      = {Jaeggi, S. M. and Buschkuehl, M. and Perrig, W. J. and Meier, B.},
    number      = {4},
    volume      = {18},
    doi         = {10.1080/09658211003702171},
    date        = {2010},
    pages       = {394--412},
    journal     = {Memory}
}


@article{JafariRoodbandi2015,
    title       = {Relationship between circadian rhythm amplitude and stability with sleep quality and sleepiness among shift nurses and health care workers. International},
    author      = {Jafari Roodbandi, A. and Choobineh, A. and Daneshvar, S.},
    number      = {3},
    volume      = {21},
    doi         = {10.1080/10803548.2015.1081770},
    date        = {2015},
    pages       = {312--317},
    journal     = {Journal of Occupational Safety and}
}


@article{Jakubowicz2013,
    title       = {High caloric intake at breakfast vs. dinner differentially influences weight loss of overweight and obese},
    author      = {Jakubowicz, D. and Barnea, M. and Wainstein, J. and Froy, O.},
    number      = {12},
    volume      = {21},
    doi         = {10.1002/oby.20460},
    date        = {2013},
    pages       = {2504--2512}
}


@article{Jensen2020,
    title       = {Effects of ketone bodies on brain metabolism and function in neurodegenerative diseases. International Journal of Molecular Sciences, 21(22},
    author      = {Jensen, N. J. and Wodschow, H. Z. and Nilsson, M. and Rungby, J.},
    volume      = {8767},
    doi         = {10.3390/ijms21228767},
    date        = {2020},
    journal     = {Article}
}


@article{Jiang2015,
    title       = {Altered fecal microbiota composition in patients with major depressive disorder. Brain},
    author      = {Jiang, H. and Ling, Z. and Zhang, Y. and Mao, H. and Ma, Z. and Yin, Y. and Wang, W. and Tang, W. and Tan, Z. and Shi, J. and Li, L. and Ruan, B.},
    volume      = {Immunity, 48},
    doi         = {10.1016/j.bbi.2015.03.016},
    date        = {2015},
    pages       = {186--194},
    journal     = {Behavior, and}
}


@article{Johnstone2014,
    title       = {for weight loss: {A}n effective strategy or latest dieting trend?},
    author      = {Johnstone, A.},
    number      = {5},
    volume      = {39},
    doi         = {10.1038/ijo.2014.214},
    date        = {2014},
    pages       = {727--733},
    journal     = {International Journal of Obesity}
}


@article{Kacimi2012,
    title       = {Intermittent fasting during Ramadan attenuates proinflammatory cytokines and immune cells in healthy subjects. Nutrition},
    author      = {Kacimi, S. and Ref'at, A. and Fararjeh, M. A. and Bustanji, Y. K. and Mohammad, M. K. and Salem, M. L.},
    number      = {12},
    volume      = {32},
    doi         = {10.1016/j.nutres.2012.06.021},
    date        = {2012},
    pages       = {947--955}
}


@article{Kasper2012,
    title       = {Moderators of working memory deficits in children with attention-deficit/hyperactivity disorder ({ADHD}): {A} meta-analytic review. Clinical},
    author      = {Kasper, L. J. and Alderson, R. M. and Hudec, K. L.},
    number      = {7},
    volume      = {32},
    doi         = {10.1016/j.cpr.2012.07.001},
    date        = {2012},
    pages       = {605--617},
    journal     = {Psychology}
}


@article{Keller2005,
    title       = {A warm heart and a clear head: {T}he contingent effects of weather on mood and cognition. Psychological Science, 16(9},
    author      = {Keller, M. C. and Fredrickson, B. L. and Ybarra, O. and Côté, S. and Johnson, K. and Mikels, J. and Wager, T.},
    doi         = {10.1111/j.1467-9280.2005.01602.x},
    date        = {2005},
    pages       = {724--731}
}


@article{Khedkar2020,
    title       = {Intermittent fasting - The new lifestyle? Acta Physiologica, 229(4},
    author      = {Khedkar, P. H.},
    volume      = {e13518},
    doi         = {10.1111/apha.13518},
    date        = {2020},
    journal     = {Article}
}


@article{Kossoff2013,
    author      = {Kossoff, E. H. and Wang, H. S.},
    number      = {1},
    volume      = {36},
    doi         = {10.4103/2319-4170.107152},
    date        = {2013},
    pages       = {2--8},
    journal     = {Dietary therapies for epilepsy. Biomedical}
}


@article{undefined2013,
    title       = {systematic review and meta-analysis of dietary patterns and depression in community-dwelling adults},
    author      = {Lai, J. S., Hiles, S., Bisquera, A., Hure, A. J., McEvoy, M., \&Attia, J.},
    number      = {1},
    volume      = {99},
    doi         = {10.3945/ajcn.113.069880},
    date        = {2013},
    pages       = {181--197},
    journal     = {The American Journal of Clinical Nutrition}
}


@article{Lasikiewicz2014,
    title       = {Psychological benefits of weight loss following behavioural and/or dietary weight loss interventions},
    author      = {Lasikiewicz, N. and Myrissa, K. and Hoyland, A. and Lawton, C. L.},
    volume      = {review. Appetite, 72},
    doi         = {10.1016/j.appet.2013.09.017},
    date        = {2014},
    pages       = {123--137},
    journal     = {A systematic research}
}


@article{LeCheminant2013,
    title       = {Restricting night-time eating reduces daily energy intake in healthy young men: {A} short-term cross-over study. British},
    author      = {LeCheminant, J. D. and Christenson, E. and Bailey, B. W. and Tucker, L. A.},
    number      = {11},
    volume      = {110},
    doi         = {10.1017/s0007114513001359},
    date        = {2013},
    pages       = {2108--2113},
    journal     = {Journal of}
}


@article{Leclerc2020,
    title       = {The effect of caloric restriction on working memory in healthy non-obese adults. {CNS}},
    author      = {Leclerc, E. and Trevizol, A. P. and Grigolon, R. B. and Subramaniapillai, M. and McIntyre, R. S. and Brietzke, E. and Mansur, R. B.},
    number      = {1},
    volume      = {25},
    doi         = {10.1017/s1092852918001566},
    date        = {2020},
    pages       = {2--8}
}


@article{Lefevre2009,
    title       = {Caloric restriction alone and with exercise improves {CVD} risk in healthy non-obese},
    author      = {Lefevre, M. and Redman, M. and Heilbronn, L. K. and Smith, J. V. and Martin, C. K. and Rood, J. C. and Greenway, F. L. and Williamson, D. A. and Smith, S. R. and Ravussin, E.},
    number      = {1},
    volume      = {203},
    doi         = {10.1016/j.atherosclerosis.2008.05.306},
    date        = {2009},
    pages       = {206--213}
}


@article{Liu2020,
    title       = {Gut microbiota mediates intermittent-fasting alleviation of diabetes-induced cognitive impairment. Nature Communications, 11, Article 855},
    author      = {Liu, Z. and Dai, X. and Zhang, H. and Shi, R. and Hui, Y. and Jin, X. and Zhang, W. and Wang, L. and Wang, Q. and Wang, D. and Wang, J. and Tan, X. and Ren, B. and Liu, X. and Zhao, T. and Wang, J. and Pan, J. and Yuan, T. and Chu, C. and Liu, X.},
    doi         = {10.1038/s41467-020-14676-4},
    date        = {2020}
}


@article{Lo2016,
    title       = {performance, sleepiness, and mood in partially sleep deprived adolescents: {T}he need for sleep study},
    author      = {Lo, J. C. and Ong, J. L. and Leong, R. L. F. and Gooley, J. J. and Chee, M. W. L.},
    number      = {3},
    volume      = {39},
    doi         = {10.5665/sleep.5552},
    date        = {2016},
    pages       = {687--698},
    journal     = {Sleep}
}


@article{Longo2014,
    title       = {Fasting: {M}olecular mechanisms and clinical applications. Cell Metabolism, 19(2},
    author      = {Longo, V. D. and Mattson, M. P.},
    doi         = {10.1016/j.cmet.2013.12.008},
    date        = {2014},
    pages       = {181--192}
}


@article{Longo2016,
    title       = {circadian rhythms, and time-restricted feeding in healthy lifespan},
    author      = {Longo, V. D. and Panda, S.},
    number      = {6},
    volume      = {23},
    doi         = {10.1016/j.cmet.2016.06.001},
    date        = {2016},
    pages       = {1048--1059},
    journal     = {Cell Metabolism}
}


@article{Manzanero2014,
    title       = {Intermittent fasting attenuates increases in neurogenesis after ischemia and reperfusion and improves recovery. Journal of Cerebral Blood Flow \&},
    author      = {Manzanero, S. and Erion, J. R. and Santro, T. and Steyn, F. J. and Chen, C. and Arumugam, T. V. and Stranahan, A. M.},
    number      = {5},
    volume      = {34},
    doi         = {10.1038/jcbfm.2014.36},
    date        = {2014},
    pages       = {897--905}
}


@article{Marosi2014,
    title       = {{BDNF} mediates adaptive brain and body responses to energetic challenges. Trends in},
    author      = {Marosi, K. and Mattson, M. P.},
    number      = {2},
    volume      = {25},
    doi         = {10.1016/j.tem.2013.10.006},
    date        = {2014},
    pages       = {89--98},
    journal     = {Endocrinology \&}
}


@inbook{Martin2016,
    title       = {Effect of calorie restriction on mood, quality of life, sleep},
    author      = {Martin, C. K. and Bhapkar, M. and Pittas, A. G. and Pieper, C. F. and Das, S. K. and Williamson, D. A. and Roberts, S. B.},
    doi         = {10.1016/j.juro.2017.02.059},
    date        = {2016},
    pages       = {743--752},
    booktitle     = {and sexual function in healthy nonobese adults: the CALERIE 2 randomized clinical trial. JAMA Internal Medicine, 176(6}
}


@article{Mattson2019,
    title       = {Evolutionary Perspective on Why Food Overconsumption Impairs Cognition},
    author      = {Mattson, M. P.},
    number      = {3},
    volume      = {23},
    doi         = {10.1016/j.tics.2019.01.003},
    date        = {2019},
    pages       = {200--212},
    journal     = {Trends in Cognitive Sciences}
}


@article{Mattson2017,
    title       = {Impact of intermittent fasting on health and disease processes. Ageing},
    author      = {Mattson, M. P. and Longo, V. D. and Harvie, M.},
    volume      = {Reviews, 39},
    doi         = {10.1016/j.arr.2016.10.005},
    date        = {2017},
    pages       = {46--58},
    journal     = {Research}
}


@article{Mattson2018,
    title       = {Intermittent metabolic switching},
    author      = {Mattson, M. P. and Moehl, K. and Ghena, N. and Schmaedick, M. and Cheng, A.},
    number      = {2},
    volume      = {19},
    doi         = {10.1038/nrn.2017.156},
    date        = {2018},
    pages       = {81--94},
    journal     = {neuroplasticity and brain health. Nature Reviews}
}


@article{McConnell2011,
    title       = {Mixing measures: {T}esting an assumption of the Attention Network Test. Attention},
    author      = {McConnell, M. M. and Shore, D. I.},
    number      = {4},
    volume      = {73},
    doi         = {10.3758/s13414-010-0085-3},
    date        = {2011},
    pages       = {1096--1107},
    journal     = {Perception, \&}
}


@article{Meule2020,
    title       = {The psychology of food cravings: {T}he role of food deprivation},
    author      = {Meule, A.},
    number      = {3},
    volume      = {9},
    url         = {https://doi.org/10.1007/s13668-020-00326-0},
    doi         = {10.1007/s13668-020-00326-0},
    date        = {2020},
    pages       = {251--257},
    journal     = {Current Nutrition Reports}
}


@book{Meule2023,
    title       = {Assessment of Eating Behavior},
    author      = {Meule, A.},
    publisher   = {Hogrefe Publishing GmbH},
    date        = {2023}
}


@article{Miller2001,
    title       = {An integrative theory of prefrontal cortex function. Annual review of},
    author      = {Miller, E. K. and Cohen, J. D.},
    number      = {1},
    volume      = {24},
    doi         = {10.1146/annurev.neuro.24.1.167},
    date        = {2001},
    pages       = {167--202}
}


@article{Miraglia2019,
    title       = {Microbiome, Parkinson's disease and molecular mimicry. Cells, 8(3},
    author      = {Miraglia, F. and Colla, E.},
    volume      = {222},
    doi         = {10.3390/cells8030222},
    date        = {2019},
    journal     = {Article}
}


@article{Mollayeva2016,
    title       = {The Pittsburgh sleep quality index as a screening tool for sleep dysfunction in clinical and non-clinical samples: {A} systematic review and meta-analysis. Sleep},
    author      = {Mollayeva, T. and Thurairajah, P. and Burton, K. and Mollayeva, S. and Shapiro, C. M. and Colantonio, A.},
    volume      = {Reviews, 25},
    doi         = {10.1016/j.sleep.2015.02.156},
    date        = {2016},
    pages       = {52--73},
    journal     = {Medicine}
}


@article{Moreira2011,
    title       = {adherence to long-term controlled feeding in a calorie-restriction study in overweight men and women},
    author      = {Moreira, E. A. M. and Most, M. and Howard, J. and Ravussin, E.},
    number      = {3},
    volume      = {26},
    doi         = {10.1177/0884533611405992},
    date        = {2011},
    pages       = {309--315},
    journal     = {Nutrition in Clinical Practice}
}


@article{Moro2016,
    title       = {Effects of eight weeks of time-restricted feeding (16/8) on basal metabolism, maximal strength, body composition, inflammation, and cardiovascular risk factors in resistance-trained males. Journal of Translational Medicine, 14, Article 290},
    author      = {Moro, T. and Tinsley, G. and Bianco, A. and Marcolin, G. and Pacelli, Q. F. and Battaglia, G. and Palma, A. and Gentil, P. and Neri, M. and Paoli, A.},
    doi         = {10.1186/s12967-016-1044-0},
    date        = {2016}
}


@article{Nebes2009,
    title       = {Self-reported sleep quality predicts poor cognitive performance in healthy older adults. The Journals of Gerontology},
    author      = {Nebes, R. D. and Buysse, D. J. and Halligan, E. M. and Houck, P. R. and Monk, T. H.},
    number      = {2},
    volume      = {64},
    doi         = {10.1093/geronb/gbn037},
    date        = {2009},
    pages       = {180--187},
    journal     = {Series}
}


@article{Nugraha2020,
    title       = {A prospective clinical trial of prolonged fasting in healthy young males and females—Effect on fatigue, sleepiness, mood and body composition. Nutrients, 12(8},
    author      = {Nugraha, B. and Riat, A. and Ghashang, S. K. and Eljurnazi, L. and Gutenbrunner, C.},
    volume      = {2281},
    doi         = {10.3390/nu12082281},
    date        = {2020},
    journal     = {Article}
}


@article{Ooi2020,
    title       = {Intermittent fasting enhanced the cognitive function in older adults with mild cognitive impairment by inducing biochemical and metabolic changes: {A} 3-year progressive study. Nutrients, 12(9},
    author      = {Ooi, T. C. and Meramat, A. and Rajab, N. F. and Shahar, S. and Ismail, I. S. and Azam, A. A. and Sharif, R.},
    volume      = {2644},
    doi         = {10.3390/nu12092644},
    date        = {2020},
    journal     = {Article}
}


@article{Papalini2019,
    author      = {Papalini, S. and Michels, F. and Kohn, N. and Wegman, J. and van Hemert, S. and Roelofs, K. and Arias-Vasquez, A. and Aarts, E.},
    doi         = {10.1016/j.ynstr.2018.100141},
    date        = {2019}
}


@article{Patsalos2021,
    title       = {Diet, obesity, and depression: {A} systematic rview. Journal of Personalized Medicine, 11(3},
    author      = {Patsalos, O. and Keeler, J. and Schmidt, U. and Penninx, B. W. and Young, A. H. and Himmerich, H.},
    volume      = {176},
    url         = {https://doi.org/10.3390/jpm11030176},
    doi         = {10.3390/jpm11030176},
    date        = {2021},
    journal     = {Article}
}


@article{Patterson2017,
    author      = {Patterson, R. E. and Sears, D. D.},
    volume      = {Nutrition, 37},
    doi         = {10.1146/annurev-nutr-071816-064634},
    date        = {2017},
    pages       = {371--393},
    journal     = {Metabolic effects of intermittent fasting. Annual Review of}
}


@article{Patterson2015,
    title       = {Intermittent fasting and human metabolic health. Journal of the Academy of Nutrition and Dietetics, 115(8},
    author      = {Patterson, R. E. and Laughlin, G. A. and Sears, D. D. and LaCroix, A. Z. and Marinac, C. and Gallo, L. C. and Hartman, S. J. and Natajaran, L. and Senger, C. M. and Martinez, M. E. and Villaseñor, A.},
    doi         = {10.1016/j.jand.2015.02.018},
    date        = {2015},
    pages       = {1203--1212}
}


@article{Psaltopoulou2013,
    title       = {Mediterranean diet, stroke, cognitive impairment, and depression: {A} meta-analysis. Annals of Neurology, 74(4},
    author      = {Psaltopoulou, T. and Sergentanis, T. N. and Panagiotakos, D. B. and Sergentanis, I. N. and Kosti, R. and Scarmeas, N.},
    doi         = {10.1002/ana.23944},
    date        = {2013},
    pages       = {580--591}
}


@article{undefined2016,
    title       = {Psychology Software Tools, Inc},
    number      = {0]},
    volume      = {3},
    url         = {https://support.pstnet.com/.},
    date        = {2016}
}


@article{Rachid2021,
    title       = {The benefits of Ramadan fasting on the cognitive function of medical students. Journal of Nutrition},
    author      = {Rachid, H. and Charaf, K. and Hosbane, S. and Agoub, M.},
    number      = {2},
    volume      = {9},
    doi         = {10.22038/JNFH.2020.46756.1251},
    date        = {2021},
    pages       = {120--124},
    journal     = {Fasting and}
}


@article{Rac-Lubashevsky2016,
    title       = {Decomposing the n-back task: {A}n individual differences study using the reference-back},
    author      = {Rac-Lubashevsky, R. and Kessler, Y.},
    number      = {ologia, 90},
    doi         = {10.1016/j.neuropsychologia.2016.07.013},
    date        = {2016},
    pages       = {190--199}
}


@inproceedings{Radošević-Vidaček1990,
    title       = {The circadian rhythm parameters in mood variables},
    author      = {Radošević-Vidaček, B. and Vidaček, S. and Kaliterna, L.},
    editor      = {Morgan, E.},
    publisher   = {Peter Lang},
    date        = {1990},
    pages       = {286--294},
    booktitle     = {Chronobiology \& Chronomedicine: Basic Research and Applications. Proceedings of the 4th Annual meeting of the European Society for Chronobiology}
}


@article{Rossi2013,
    title       = {brain correlates of executive engagement in working memory: {C}hildren's inter-individual differences are reflected in the anterior insular cortex},
    author      = {Rossi, S. and Lubin, A. and Simon, G. and Lanoë, C. and Poirel, N. and Cachia, A. and Houdé, O.},
    number      = {7},
    volume      = {51},
    doi         = {10.1016/j.neuropsychologia.2013.03.011},
    date        = {2013},
    pages       = {1145--1150},
    journal     = {Neuropsychologia}
}


@article{Ruddick-Collins2018,
    title       = {The Big Breakfast Study},
    author      = {Ruddick-Collins, L. C. and Johnston, J. D. and Morgan, P. J. and Johnstone, A. M.},
    number      = {2},
    volume      = {43},
    doi         = {10.1111/nbu.12323},
    date        = {2018},
    pages       = {174--183},
    journal     = {Chrono-nutrition influence on energy expenditure and bodyweight. Nutrition}
}


@article{Rynders2019,
    title       = {Effectiveness of intermittent fasting and time-restricted feeding compared to continuous energy restriction for weight loss. Nutrients, 11(10},
    author      = {Rynders, C. A. and Thomas, E. A. and Zaman, A. and Pan, Z. and Catenacci, V. A. and Melanson, E. L.},
    volume      = {2442},
    doi         = {10.3390/nu11102442},
    date        = {2019},
    journal     = {Article}
}


@article{Sadeghirad2014,
    title       = {Islamic fasting and weight loss: {A} systematic review and meta-analysis. Public Health},
    author      = {Sadeghirad, B. and Motaghipisheh, S. and Kolahdooz, F. and Zahedi, M. J. and Haghdoost, A. A.},
    number      = {2},
    volume      = {17},
    doi         = {10.1017/s1368980012005046},
    date        = {2014},
    pages       = {396--406}
}


@article{Senderovich2023,
    title       = {The role of intermittent fasting and dieting on cognition in adult population: {A} systematic review of the randomized controlled trials},
    author      = {Senderovich, H. and Farahneh, O. and Waicus, S.},
    number      = {2},
    volume      = {32},
    url         = {https://doi.org/10.1159/000530269},
    doi         = {10.1159/000530269},
    date        = {2023},
    pages       = {99--109},
    journal     = {Medical Principles and Practice}
}


@article{Sherman2012,
    title       = {high-fat diet resets circadian metabolism and prevents obesity},
    author      = {Sherman, H. and Genzer, Y. and Cohen, R. and Chapnik, N. and Madar, Z. and Froy, O.},
    number      = {8},
    volume      = {26},
    doi         = {10.1096/fj.12-208868},
    date        = {2012},
    pages       = {3493--3502},
    journal     = {The FASEB Journal}
}


@article{Short2015,
    title       = {Sleep deprivation leads to mood deficits in healthy adolescents. Sleep Medicine, 16(8},
    author      = {Short, M. A. and Louca, M.},
    doi         = {10.1016/j.sleep.2015.03.007},
    date        = {2015},
    pages       = {987--993}
}


@article{Solianik2018,
    title       = {Two-day fasting evokes stress, but does not affect mood, brain activity, cognitive, psychomotor, and motor performance in overweight women},
    author      = {Solianik, R. and Sujeta, A.},
    volume      = {338},
    doi         = {10.1016/j.bbr.2017.10.028},
    date        = {2018},
    pages       = {166--172},
    journal     = {Behavioural Brain Research}
}


@article{Sriram2002,
    author      = {Sriram, K. and Benkovic, S. A. and Miller, D. B. and O'Callaghan, J. P.},
    number      = {4},
    volume      = {115},
    doi         = {10.1016/s0306-4522(02)00306-8},
    date        = {2002},
    pages       = {1335--1346},
    journal     = {Obesity exacerbates chemically induced}
}


@article{Stote2007,
    title       = {controlled trial of reduced meal frequency without caloric restriction in healthy, normal-weight, middle-aged adults},
    author      = {Stote, K. S. and Baer, D. J. and Spears, K. and Paul, D. R. and Harris, G. K. and Rumpler, W. V. and Strycula, P. and Najjar, S. S. and Ferrucci, L. and Ingram, D. K. and Longo, D. L. and Mattson, M. P.},
    number      = {4},
    volume      = {85},
    doi         = {10.1093/ajcn/86.4.1254a},
    date        = {2007},
    pages       = {981--988},
    journal     = {The American Journal of Clinical Nutrition}
}


@article{Sundaram2016,
    title       = {Time-restricted feeding reduces adiposity in mice fed a high-fat diet. Nutrition},
    author      = {Sundaram, S. and Yan, L.},
    number      = {6},
    volume      = {36},
    doi         = {10.1016/j.nutres.2016.02.005},
    date        = {2016},
    pages       = {603--611}
}


@article{Tahapary2020,
    title       = {The impact of Ramadan fasting on metabolic profile among type 2 diabetes mellitus patients: {A} meta-analysis. Diabetes \& Metabolic Syndrome},
    author      = {Tahapary, D. L. and Astrella, C. and Kristanti, M. and Harbuwono, D. S. and Soewondo, P.},
    doi         = {10.1016/j.dsx.2020.07.033},
    date        = {2020},
    journal     = {Clinical Research \& Reviews}
}


@article{Teong2021,
    title       = {weeks of intermittent fasting versus calorie restriction does not alter eating behaviors, mood, sleep quality, quality of life and cognitive performance in women with overweight},
    author      = {Teong, X. T. and Hutchison, A. T. and Liu, B. and Wittert, G. A. and Lange, K. and Banks, S. and Heilbronn, L. K.},
    volume      = {92},
    doi         = {10.1016/j.nutres.2021.06.006},
    date        = {2021},
    pages       = {32--39},
    journal     = {Nutrition Research}
}


@article{Tinsley2015,
    title       = {Effects of intermittent fasting on body composition and clinical health markers in humans. Nutrition},
    author      = {Tinsley, G. M. and La Bounty, P. M.},
    number      = {10},
    volume      = {73},
    doi         = {10.1093/nutrit/nuv041},
    date        = {2015},
    pages       = {661--674}
}


@article{Trepanowski2017,
    title       = {of alternate-day fasting on weight loss, weight maintenance, and cardioprotection among metabolically healthy obese adults},
    author      = {Trepanowski, J. F. and Kroeger, C. M. and Barnosky, A. and Klempel, M. C. and Bhutani, S. and Hoddy, K. K. and Gabel, K. and Freels, S. and Rigdon, J. and Rood, J. and Ravussin, E. and Varady, K. A.},
    number      = {7},
    volume      = {177},
    doi         = {10.1001/jamainternmed.2017.0936},
    date        = {2017},
    pages       = {930--938},
    journal     = {JAMA Internal Medicine}
}


@article{Valdez2012,
    title       = {Circadian rhythms in cognitive performance},
    author      = {Valdez, P. and Ramírez, C. and García, A.},
    number      = {2},
    volume      = {2012},
    doi         = {10.2147/cpt.s32586},
    date        = {2012},
    pages       = {81--92},
    journal     = {Implications for neuropsychological assessment. Chronophysiology and}
}


@article{Welton2020,
    title       = {Intermittent fasting and weight loss: {S}ystematic review},
    author      = {Welton, S. and Minty, R. and O'Driscoll, T. and Willms, H. and Poirier, D. and Madden, S. and Kelly, L.},
    number      = {2},
    volume      = {66},
    date        = {2020},
    pages       = {117--125},
    journal     = {Canadian Family Physician Medecin de Famille Canadien}
}


@article{Wadden1994,
    title       = {One-year behavioral treatment of obesity: {C}omparison of moderate and severe caloric restriction and the effects of weight maintenance therapy. Journal of Consulting and Clinical Psychology, 62(1},
    author      = {Wadden, T. A. and Foster, G. D. and Letizia, K. A.},
    doi         = {10.1037/0022-006x.62.1.165},
    date        = {1994},
    pages       = {165--171}
}


@article{Wesnes2002,
    title       = {Practice effects on cognitive tasks: a major problem?},
    author      = {Wesnes, K. and Pincock, C.},
    number      = {8},
    volume      = {1},
    doi         = {10.1016/s1474-4422(02)00236-3},
    date        = {2002},
    pages       = {473},
    journal     = {The Lancet}
}


@article{Yamada2002,
    title       = {Role for brain-derived neurotrophic factor in learning and memory},
    author      = {Yamada, K. and Mizuno, M. and Nabeshima, T.},
    volume      = {70},
    doi         = {10.1016/s0024-3205(01)01461-8},
    date        = {2002},
    pages       = {735--744},
    journal     = {Life Sciences}
}


@article{Yassine2009,
    title       = {Effects of exercise and caloric restriction on insulin resistance and cardiometabolic risk factors in older obese adults—a randomized clinical trial. Journals of Gerontology},
    author      = {Yassine, H. N. and Marchetti, C. M. and Krishnan, R. K. and Vrobel, T. R. and Gonzalez, F. and Kirwan, J. P.},
    doi         = {10.1093/gerona/gln032},
    date        = {2009},
    journal     = {Series A: Biomedical Sciences and Medical Sciences, 64(1), 90-95.}
}


@article{Yeoh2015,
    title       = {Fasting during Ramadan and associated changes in glycaemia, caloric intake and body composition with gender differences in Singapore. Annals of the Academy of Medicine},
    author      = {Yeoh, E. C. and Zainudin, S. B. and Loh, W. N. and Chua, C. L. and Fun, S. and Subramaniam, T. and Sum, C. F. and Lim, S. C.},
    number      = {6},
    volume      = {44},
    date        = {2015},
    pages       = {202--206}
}


@article{Zinöcker2018,
    title       = {The Western diet--microbiome-host interaction and its role in metabolic disease. Nutrients, 10(3},
    author      = {Zinöcker, M. K. and Lindseth, I. A.},
    volume      = {365},
    doi         = {10.3390/nu10030365},
    date        = {2018},
    journal     = {Article}
}
