%% LaTeX2e file `bibliography.bib'
%% generated by the `filecontents' environment
%% from source `main' on 2024/03/22.
%%
 @article{Arnett2008,
    title       = {The neglected 95\%: {W}hy {A}merican psychology needs to become less {A}merican},
    author      = {Arnett, J. J.},
    number      = {7},
    volume      = {63},
    url         = {https://doi.org/10.1037/0003-066X.63.7.602},
    doi         = {10.1037/0003-066X.63.7.602},
    date        = {2008},
    pages       = {602--614},
    journal     = {American Psychologist}
}


@article{Askarov2023,
    title       = {Selective and (mis)leading economics journals: {M}eta-research evidence},
    author      = {Askarov, Z. and Doucouliagos, A. and Doucouliagos, H. and Stanley, T. D.},
    url         = {https://doi.org/10.1111/joes.12598},
    doi         = {10.1111/joes.12598},
    date        = {2023},
    pages       = {1--26},
    journal     = {Journal of Economic Surveys}
}


@article{Azevedo2019,
    title       = {Introducing a Framework for Open and Reproducible Research Training ({FORRT})},
    journal = {{OSF} Preprints},
    author      = {Azevedo, F. and Parsons, S. and Micheli, L. and Strand, J. and Rinke, E. and Guay, S. and Elsherif, M. and Quinn, K. and Wagge, J. R. and Steltenpohl, C. and Kalandadze, T. and Vasilev, M. and de Oliveira, C. F. and Aczel, B. and Miranda, J. and Galang, C. M. and Baker, B. J. and Pennington, C. R. and Marques, T. and {FORRT}},
    url         = {https://doi.org/10.31219/osf.io/bnh7p},
    doi         = {10.31219/osf.io/bnh7p},
    date        = {2019-12-13}
}


@article{Bergmann2023,
    title       = {The buffet approach to open science},
    author      = {Bergmann, C.},
    url         = {https://cogtales.wordpress.com/2023/04/16/the-buffet-approach-to-open-science/},
    date        = {2023-04-16},
    journal     = {CogTales}
}


@article{Bahlai2019,
    title       = {Open science isn't always open to all scientists},
    author      = {Bahlai, C. and Bartlett, L. and Burgio, K. and Fournier, A. and Keiser, C. and Poisot, T. and Whitney, K.},
    number      = {2},
    volume      = {107},
    url         = {https://doi.org/10.1511/2019.107.2.78},
    doi         = {10.1511/2019.107.2.78},
    date        = {2019},
    pages       = {78},
    journal     = {American Scientist}
}


@article{Baker2016,
    title       = {1,500 scientists lift the lid on reproducibility},
    author      = {Baker, M.},
    volume      = {533},
    url         = {https://doi.org/10.1038/533452a},
    doi         = {10.1038/533452a},
    date        = {2016},
    eid         = {452-454},
    journal     = {Nature}
}


@article{Baumeister2007,
    title       = {Psychology as the science of self-reports and finger movements: {W}hatever happened to actual behavior?},
    author      = {Baumeister, R. F. and Vohs, K. D. and Funder, D. C.},
    number      = {4},
    volume      = {2},
    url         = {https://doi.org/10.1111/j.1745-6916.2007.00051.x},
    doi         = {10.1111/j.1745-6916.2007.00051.x},
    date        = {2007},
    pages       = {396--403},
    journal     = {Perspectives on Psychological Science}
}


@article{Beer2023,
    title       = {Hits and misses in the last decade of open science: {R}esearchers from different subfields and career stages offer personal reflections and suggestions},
    author      = {Beer, J. and Eastwick, P. and Goh, J. X.},
    volume      = {18},
    url         = {https://doi.org/10.32872/spb.9681},
    doi         = {10.32872/spb.9681},
    date        = {2023},
    pages       = {1--23},
    journal     = {Social Psychological Bulletin}
}


@article{Bem2011,
    title       = {Feeling the future: {E}xperimental evidence for anomalous retroactive influences on cognition and affect},
    author      = {Bem, D. J.},
    number      = {3},
    volume      = {100},
    url         = {https://doi.org/10.1037/a0021524},
    doi         = {10.1037/a0021524},
    date        = {2011},
    pages       = {407--425},
    journal     = {Journal of Personality and Social Psychology}
}


@article{Brembs2018,
    title       = {Prestigious science journals struggle to reach even average reliability},
    author      = {Brembs, B.},
    volume      = {12},
    url         = {https://doi.org/10.3389/fnhum.2018.00037},
    doi         = {10.3389/fnhum.2018.00037},
    date        = {2018},
    pages       = {37},
    journal     = {Frontiers in Human Neuroscience}
}


@article{Causadias2021,
    title       = {The importance of research about research on culture: {A} call for meta-research on culture},
    author      = {Causadias, J. M. and Korous, K. M. and Cahill, K. M. and Rea-Sandin, G.},
    number      = {1},
    volume      = {29},
    url         = {https://doi.org/10.1037/cdp0000516},
    doi         = {10.1037/cdp0000516},
    date        = {2021},
    pages       = {85--95},
    journal     = {Cultural Diversity and Ethnic Minority Psychology}
}


@book{Chambers2017,
    title       = {The seven deadly sins of psychology: {A} manifesto for reforming the culture of scientific practice},
    author      = {Chambers, C. D.},
    publisher   = {Princeton University Press},
    date        = {2017}
}


@article{Chambers2020,
    title       = {Verification Reports: {A} new article type at {C}ortex},
    author      = {Chambers, C. D.},
    volume      = {129},
    url         = {https://doi.org/10.1016/j.cortex.2020.04.020},
    doi         = {10.1016/j.cortex.2020.04.020},
    date        = {2020},
    pages       = {1-- 3},
    journal     = {Cortex}
}


@article{Chambers2021,
    title       = {The past, present and future of Registered Reports},
    author      = {Chambers, C. D. and Tzavella, L.},
    volume      = {6},
    url         = {https://doi.org/10.1038/s41562-021-01193-7},
    doi         = {10.1038/s41562-021-01193-7},
    date        = {2021},
    pages       = {29--42},
    journal     = {Nature Human Behaviour}
}


@article{Cialdini2009,
    title       = {We have to break up},
    author      = {Cialdini, R. B.},
    number      = {1},
    volume      = {4},
    url         = {https://doi.org/10.1111/j.1745-6924.2009.01091.x},
    doi         = {10.1111/j.1745-6924.2009.01091.x},
    date        = {2009},
    pages       = {5--6},
    journal     = {Perspectives on Psychological Science}
}


@article{Claesen2021,
    title       = {Comparing dream to reality: {A}n assessment of adherence of the first generation of preregistered studies},
    author      = {Claesen, A. and Gomes, S. and Tuerlinckx, F. and Vanpaemel, W.},
    number      = {10},
    volume      = {8},
    url         = {https://doi.org/10.1098/rsos.211037},
    doi         = {10.1098/rsos.211037},
    date        = {2021},
    pages       = {211037},
    journal     = {Royal Society Open Science}
}


@article{Draper2022,
    title       = {Publishing child development research from around the world: {A}n unfair playing field resulting in most of the world's child population under-represented in research},
    author      = {Draper, C. E. and Barnett, L. M. and Cook, C. J. and Cuartas, J. A. and Howard, S. J. and McCoy, D. C. and Merkley, R. and Molano, A. and Maldonado-Carreño, C. and Obradović, J. and Scerif, G. and Valentini, N. C. and Venetsanou, F. and Yousafzai, A. K.},
    number      = {6},
    volume      = {32},
    url         = {https://doi.org/10.1002/icd.2375},
    doi         = {10.1002/icd.2375},
    date        = {2022},
    journal     = {Infant and Child Development},
    eid         = {Article e2375}
}


@article{Elsherif2022,
    title       = {Bridging neurodiversity and open scholarship: {H}ow shared values can guide best practices for research integrity},
    author      = {Elsherif, M. M. and Middleton, S. L. and Phan, J. M. and Azevedo, F. and Iley, B. J. and Grose-Hodge, M. and Tyler, S. L. and Kapp, S. K. and Gourdon-Kanhukamwe, A. and Grafton-Clarke, D. and Yeung, S. K. and Shaw, J. J. and Hartmann, H. and Dokovova, M.},
    url         = {https://doi.org/10.31222/osf.io/k7a9p.},
    doi         = {10.31222/osf.io/k7a9p.},
    date        = {2022-06-20}
}


@article{Errington2021,
    title       = {Challenges for assessing replicability in preclinical cancer biology},
    author      = {Errington, T. M. and Denis, A. and Perfito, N. and Iorns, E. and A, Nosek B.},
    volume      = {10},
    eid         = {Article e67995},
    url         = {https://doi.org/10.7554/eLife.67995},
    doi         = {10.7554/eLife.67995},
    date        = {2021},
    journal     = {eLife}
}


@article{Farnham2017,
    title       = {Early career researchers want {O}pen {S}cience},
    author      = {Farnham, A. and Kurz, C. and Öztürk, M. A. and Solbiati, M. and Myllyntaus, O. and Meekes, J. and Pham, T. M. and Paz, C. and Langiewicz, M. and Andrews, S. and Kanninen, L. and Agbemabiese, C. and Guler, A. T. and Durieux, J. and Jasim, S. and Viessmann, O. and Frattini, S. and Yembergenova, D. and Benito, C. M. and Hettne, K.},
    number      = {1},
    volume      = {18},
    url         = {https://doi.org/10.1186/s13059-017-1351-7},
    doi         = {10.1186/s13059-017-1351-7},
    date        = {2017},
    eid         = {Article 221},
    journal     = {Genome Biology}
}


@article{Field2021,
    title       = {Qualitative open science--pain points and perspectives},
    author      = {Field, S. M. and van Ravenzwaaij, D. and Pittelkow, M. M. and Hoek, J. M. and Derksen, M.},
    url         = {https://osf.io/e3cq4/},
    date        = {2021},
    journal     = {OSF Preprints}
}


@article{Fleming2021,
    title       = {Open accessibility in education research: {E}nhancing the credibility, equity, impact, and efficiency of research},
    author      = {Fleming, J. I. and Wilson, S. E. and Hart, S. A. and Therrien, W. J. and Cook, B. G.},
    number      = {2},
    volume      = {56},
    url         = {https://doi.org/10.1080/00461520.2021.1897593},
    doi         = {10.1080/00461520.2021.1897593},
    date        = {2021},
    pages       = {110--121},
    journal     = {Educational Psychologist}
}


@article{FoxTree2022,
    title       = {The inequitable burden of open science},
    author      = {Fox Tree, J. and Lleras, A. and Thomas, A. and Watson, D.},
    url         = {https://featuredcontent.psychonomic.org/the-inequitable-burden-of-open-science/},
    date        = {2022-08-30}
}


@article{Fraser2018,
    title       = {Questionable research practices in ecology and evolution},
    author      = {Fraser, H. and Parker, T. and Nakagawa, S. and Barnett, A. and Fidler, F.},
    number      = {7},
    volume      = {13},
    url         = {https://doi.org/10.1371/journal.pone.0200303},
    doi         = {10.1371/journal.pone.0200303},
    date        = {2018},
    journal     = {PLOS ONE},
    eid         = {Article e0200303}
}


@article{Fuentes2022,
    title       = {Open science: {F}riend, foe, or both to an antiracist psychology?},
    author      = {Fuentes, M. A. and Zelaya, D. G. and Delgado-Romero, E. A. and Butt, M.},
    number      = {5},
    volume      = {130},
    url         = {https://doi.org/10.1037/rev0000386},
    doi         = {10.1037/rev0000386},
    date        = {2022},
    pages       = {1351--1359},
    journal     = {Psychological Review}
}


@article{Gabelica2022,
    title       = {Many researchers were not compliant with their published data sharing statement: mixed-methods study},
    author      = {Gabelica, M. and Bojčić, R. and Puljak, L.},
    volume      = {150},
    url         = {https://doi.org/10.1016/j.jclinepi.2022.05.019},
    doi         = {10.1016/j.jclinepi.2022.05.019},
    date        = {2022},
    pages       = {33--41},
    journal     = {Journal of Clinical Epidemiology}
}


@inbook{Gilmore2016,
    title       = {Curating identifiable data for sharing: {T}he {D}atabrary project},
    author      = {Gilmore, R. O. and Adolph, K. E. and Millman, D. S.},
    url         = {https://doi.org/10.1109/NYSDS.2016.7747817},
    doi         = {10.1109/NYSDS.2016.7747817},
    publisher   = {IEEE},
    date        = {2016-08},
    pages       = {1--6},
    booktitle     = {2016 {New York Scientific Data Summit (NYSDS)}}
}


@article{Graham1992,
    title       = {"Most of the subjects were {W}hite and middle class": {T}rends in published research on {A}frican {A}mericans in selected {APA} journals, 1970--1989},
    author      = {Graham, S.},
    number      = {5},
    volume      = {47},
    url         = {https://doi.org/10.1037/0003-066X.47.5.629},
    doi         = {10.1037/0003-066X.47.5.629},
    date        = {1992},
    pages       = {629--639},
    journal     = {American Psychologist}
}


@article{Green2022,
    title       = {A perspective on enhancing representative samples in developmental human neuroscience: {C}onnecting science to society},
    author      = {Green, K. H. and Van De Groep, I. H. and Te Brinke, L. W. and van der Cruijsen, R. and van Rossenberg, F. and El Marroun, H.},
    volume      = {16},
    eid         = {Article 981657},
    url         = {https://www.frontiersin.org/articles/10.3389/fnint.2022.981657},
    date        = {2022},
    journal     = {Frontiers in Integrative Neuroscience}
}


@article{Grzanka2021,
    title       = {An argument for bad psychology: {D}isciplinary disruption, public engagement, and social transformation},
    author      = {Grzanka, P. R. and Cole, E. R.},
    number      = {8},
    volume      = {76},
    url         = {https://doi.org/10.1037/amp0000853},
    doi         = {10.1037/amp0000853},
    date        = {2021},
    pages       = {1334--1345},
    journal     = {American Psychologist}
}


@book{Guthrie1976,
    title       = {The rat was white: {A} historical view of psychology},
    author      = {Guthrie, R. V.},
    publisher   = {Allyn \& Bacon},
    date        = {1976}
}


@article{Hall2001,
    title       = {In search of cultural diversity: {R}ecent literature in cross-cultural and ethnic minority psychology},
    author      = {Hall, G. C. N. and Maramba, G. G.},
    number      = {1},
    volume      = {7},
    url         = {https://doi.org/10.1037/1099-9809.7.1.12},
    doi         = {10.1037/1099-9809.7.1.12},
    date        = {2001},
    pages       = {12--26},
    journal     = {Cultural Diversity and Ethnic Minority Psychology}
}


@article{Hart2020,
    title       = {{LD}base},
    author      = {Hart, S. A. and Schatschneider, C. and Reynolds, T. R. and Calvo, F. E. and Brown, B. J. and Arsenault, B. and Hall, M. R. K. and van Dijk, W. and Edwards, A. A. and Shero, J. A. and Smart, R. and Phillips, J. S.},
    url         = {http://doi.org/10.33009/ldbase.},
    doi         = {10.33009/ldbase.},
    date        = {2020}
}


@article{Hartmann2013,
    title       = {In Search of Cultural Diversity, Revisited: {R}ecent publication trends in cross-cultural and ethnic minority psychology},
    author      = {Hartmann, W. E. and Kim, E. S. and Kim, J. H. J. and Nguyen, T. U. and Wendt, D. C. and Nagata, D. K. and Gone, J. P.},
    number      = {3},
    volume      = {17},
    url         = {https://doi.org/10.1037/a0032260},
    doi         = {10.1037/a0032260},
    date        = {2013},
    pages       = {243--254},
    journal     = {Review of General Psychology}
}


@article{Haven2019,
    title       = {Preregistering qualitative research},
    author      = {Haven, T. and Van Grootel and L, Dr},
    number      = {3},
    volume      = {26},
    url         = {https://doi.org/10.1080/08989621.2019.1580147},
    doi         = {10.1080/08989621.2019.1580147},
    date        = {2019},
    pages       = {229--244},
    journal     = {Accountability in Research}
}


@article{Henrich2010,
    title       = {The weirdest people in the world?},
    author      = {Henrich, J. and Heine, S. J. and Norenzayan, A.},
    number      = {2--3},
    volume      = {33},
    url         = {https://doi.org/10.1017/S0140525X0999152X},
    doi         = {10.1017/S0140525X0999152X},
    date        = {2010},
    pages       = {61--83},
    journal     = {Behavioral and Brain Sciences}
}


@article{Humphreys2021,
    title       = {Integrating qualitative methods and open science: {F}ive principles for more trustworthy research},
    author      = {Humphreys, L. and Lewis, N. A. and Sender, K. and Won, A. S.},
    number      = {5},
    volume      = {71},
    url         = {https://doi.org/10.1093/joc/jqab026},
    doi         = {10.1093/joc/jqab026},
    date        = {2021},
    pages       = {855--874},
    journal     = {Journal of Communication}
}


@article{Kidwell2016,
    title       = {Badges to Acknowledge Open Practices: {A} simple, low-cost, effective method for increasing transparency},
    author      = {Kidwell, M. C. and Lazarević, L. B. and Baranski, E. and Hardwicke, T. E. and Piechowski, S. and Falkenberg, L.-S. and Kennett, C. and Slowik, A. and Sonnleitner, C. and Hess-Holden, C. and Errington, T. M. and Fiedler, S. and Nosek, B. A.},
    number      = {5},
    volume      = {14},
    url         = {https://doi.org/10.1371/journal.pbio.1002456},
    doi         = {10.1371/journal.pbio.1002456},
    date        = {2016},
    eid         = {Article 1002456},
    journal     = {PLOS Biology}
}


@article{Knöchelmann2019,
    title       = {Open {S}cience in the Humanities, or: {O}pen Humanities?},
    author      = {Knöchelmann, M.},
    number      = {4},
    volume      = {7},
    url         = {https://doi.org/10.3390/publications7040065},
    doi         = {10.3390/publications7040065},
    date        = {2019},
    pages       = {65},
    journal     = {Publications}
}


@article{Lakens2019,
    title       = {The value of preregistration for psychological science: {A} conceptual analysis},
    author      = {Lakens, D.},
    url         = {https://doi.org/10.31234/osf.io/jbh4w},
    doi         = {10.31234/osf.io/jbh4w},
    date        = {2019},
    journal     = {PsyArXiv}
}


@article{LeBel2011,
    title       = {Fearing the future of empirical psychology: {B}em's (2011) evidence of psi as a case study of deficiencies in modal research practice},
    author      = {LeBel, E. P. and Peters, K. R.},
    number      = {4},
    volume      = {15},
    url         = {https://doi.org/10.1037/a0025172},
    doi         = {10.1037/a0025172},
    date        = {2011},
    pages       = {371--379},
    journal     = {Review of General Psychology}
}


@article{Ledgerwood2022,
    title       = {The pandemic as a portal: {R}eimagining psychological science as truly open and inclusive.},
    author      = {Ledgerwood, A. and Hudson, S. K. T. J. and Lewis Jr, N. A. and Maddox, K. B. and Pickett, C. L. and Remedios, J. D. and Cheryan, S. and Diekman, A. B. and Dutra, N. B. and Goh, J. X. and Goodwin, S. A. and Munakata, Y. and Navarro, D. J. and Onyeador, I. N. and Srivastava, S. and Wilkins, C. L.},
    number      = {4},
    volume      = {17},
    url         = {https://doi.org/10.1177/17456916211036654},
    doi         = {10.1177/17456916211036654},
    date        = {2022},
    pages       = {937--959},
    journal     = {Perspectives on Psychological Science}
}


@article{Lee2017,
    title       = {Editorial},
    author      = {Lee, R. M.},
    number      = {3},
    volume      = {23},
    url         = {https://doi.org/10.1037/cdp0000172},
    doi         = {10.1037/cdp0000172},
    date        = {2017},
    pages       = {311},
    journal     = {Cultural Diversity and Ethnic Minority Psychology}
}


@article{Lewis2017,
    title       = {Reflections on {SIPS} (guest post by {N}eil {Lewis, Jr.})},
    journal     = {The Hardest Science},
    author      = {Lewis, N.},
    url         = {https://thehardestscience.com/2017/08/11/reflections-on-sips-guest-post-by-neil-lewis-jr/},
    date        = {2017-08-11}
}


@article{Lin2022,
    title       = {Global diversity of authors, editors, and journal ownership across subdisciplines of psychology: {C}urrent state and policy implications},
    author      = {Lin, Z. and Li, N.},
    number      = {2},
    volume      = {18},
    url         = {https://doi.org/10.1177/17456916221091831},
    doi         = {10.1177/17456916221091831},
    date        = {2022},
    pages       = {358--377},
    journal     = {Perspectives on Psychological Science}
}


@article{Lui2022,
    title       = {Open science and multicultural research: {S}ome data, considerations, and recommendations},
    author      = {Lui, P. P. and Gobrial, S. and Pham, S. and Giadolor, W. and Adams, N. and Rollock, D.},
    number      = {4},
    volume      = {28},
    url         = {https://doi.org/10.1037/cdp0000541},
    doi         = {10.1037/cdp0000541},
    date        = {2022},
    pages       = {567--586},
    journal     = {Cultural Diversity and Ethnic Minority Psychology}
}


@article{MacEachern2019,
    title       = {Preregistration of modeling exercises may not be useful},
    author      = {MacEachern, S. N. and Van Zandt, T.},
    number      = {3},
    volume      = {2},
    url         = {https://doi.org/10.1007/s42113-019-00038-x},
    doi         = {10.1007/s42113-019-00038-x},
    date        = {2019},
    pages       = {179--182},
    journal     = {Computational Brain \& Behavior}
}


@article{McDermott2022,
    title       = {Breaking free: {H}ow preregistration hurts scholars and science},
    author      = {McDermott, R.},
    number      = {1},
    volume      = {41},
    url         = {https://doi.org/10.1017/pls.2022.4},
    doi         = {10.1017/pls.2022.4},
    date        = {2022},
    pages       = {55--59},
    journal     = {Politics and the Life Sciences}
}


@article{Meyer2018,
    title       = {Practical tips for ethical data sharing},
    author      = {Meyer, M. N.},
    number      = {1},
    volume      = {1},
    url         = {https://doi.org/10.1177/2515245917747656},
    doi         = {10.1177/2515245917747656},
    date        = {2018},
    pages       = {131--144},
    journal     = {Advances in Methods and Practices in Psychological Science}
}


@article{Miyakawa2020,
    title       = {No raw data, no science: another possible source of the reproducibility crisis},
    author      = {Miyakawa, T.},
    number      = {1},
    volume      = {13},
    url         = {https://doi.org/10.1186/s13041-020-0552-2},
    doi         = {10.1186/s13041-020-0552-2},
    date        = {2020},
    pages       = {1--6},
    journal     = {Molecular Brain}
}


@article{Moreau2022,
    title       = {Conducting a meta-analysis in the age of open science: {T}ools, tips, and practical recommendations},
    author      = {Moreau, D. and Gamble, B.},
    number      = {3},
    volume      = {27},
    url         = {https://doi.org/10.1037/met0000351},
    doi         = {10.1037/met0000351},
    date        = {2022},
    pages       = {426--432},
    journal     = {Psychological Methods}
}


@article{Moriguchi2022,
    title       = {Beyond bias to {W}estern participants, authors, and editors in developmental science},
    journal = {Infant and Child Development},
    volume={31},
    issue={1},
    author      = {Moriguchi, Y.},
    url         = {https://doi.org/10.1002/icd.2256},
    doi         = {10.1002/icd.2256},
    date        = {2022},
    eid         = {Article e2256}
}


@article{Moshontz2021,
    title       = {A guide to posting and managing preprints},
    author      = {Moshontz, H. and Binion, G. E. and Walton, H. and Brown, B. T. and Syed, M.},
    number      = {2},
    volume      = {4},
    date        = {2021},
    pages       = {1--11},
    journal     = {Advances in Methods and Practices in Psychological Science}
}


@article{Moshontz2018,
    title       = {The {P}sychological {S}cience {A}ccelerator: {A}dvancing psychology through a distributed collaborative network},
    author      = {Moshontz, H. and Campbell, L. and Ebersole, C. R. and IJzerman, H. and Urry, H. L. and Forscher, P. S. and Grahe, J. E. and McCarthy, R. J. and Musser, E. D. and Antfolk, J. and Castille, C. M. and Evans, T. R. and Fiedler, S. and Flake, J. K. and Forero, D. A. and Janssen, S. M. J. and Keene, J. R. and Protzko, J. and Aczel, B. and Chartier, C. R.},
    number      = {4},
    volume      = {1},
    url         = {https://doi.org/10.1177/2515245918797607},
    doi         = {10.1177/2515245918797607},
    date        = {2018},
    pages       = {501--515},
    journal     = {Advances in Methods and Practices in Psychological Science}
}


@article{Munafò2017,
    title       = {A manifesto for reproducible science},
    author      = {Munafò, M. R. and Nosek, B. A. and Bishop, D. V. M. and Button, K. S. and Chambers, C. D. and Percie du Sert, N. and Simonsohn, U. and Wagenmakers, E.-J. and Ware, J. J. and Ioannidis, J. P. A.},
    number      = {1},
    volume      = {1},
    url         = {https://doi.org/10.1038/s41562-016-0021},
    doi         = {10.1038/s41562-016-0021},
    date        = {2017},
    journal     = {Nature Human Behaviour},
    eid         = {Article 0021}
}


@article{Nielsen2017,
    title       = {The persistent sampling bias in developmental psychology: {A} call to action},
    author      = {Nielsen, M. and Haun, D. and Kärtner, J. and Legare, C. H.},
    volume      = {162},
    url         = {https://doi.org/10.1016/j.jecp.2017.04.017},
    doi         = {10.1016/j.jecp.2017.04.017},
    date        = {2017},
    pages       = {31--38},
    journal     = {Journal of Experimental Child Psychology}
}


@article{Nosek2018,
    title       = {The preregistration revolution},
    author      = {Nosek, B. A. and Ebersole, C. R. and DeHaven, A. C. and Mellor, D. T.},
    number      = {11},
    volume      = {115},
    url         = {https://doi.org/10.1073/pnas.1708274114},
    doi         = {10.1073/pnas.1708274114},
    date        = {2018},
    pages       = {2600--2606},
    journal     = {Proceedings of the National Academy of Sciences}
}


@article{Pham2021,
    title       = {Preregistration is neither sufficient nor necessary for good science},
    author      = {Pham, M. T. and Oh, T. T.},
    number      = {1},
    volume      = {31},
    url         = {https://doi.org/10.1002/jcpy.1209},
    doi         = {10.1002/jcpy.1209},
    date        = {2021},
    pages       = {163--176},
    journal     = {Journal of Consumer Psychology}
}


@article{Ponterotto1988,
    title       = {Racial/ethnic minority research in the {J}ournal of {C}ounseling {P}sychology: {A} content analysis and methodological critique},
    author      = {Ponterotto, J. G.},
    number      = {4},
    volume      = {35},
    url         = {https://doi.org/10.1037/0022-0167.35.4.410},
    doi         = {10.1037/0022-0167.35.4.410},
    date        = {1988},
    pages       = {410--418},
    journal     = {Journal of Counseling Psychology}
}


@article{Quintana2020,
    title       = {A synthetic dataset primer for the biobehavioural sciences to promote reproducibility and hypothesis generation},
    author      = {Quintana, D. S.},
    volume      = {9},
    eid         = {Article e53275},
    url         = {https://doi.org/10.7554/eLife.53275},
    doi         = {10.7554/eLife.53275},
    date        = {2020},
    journal     = {eLife}
}


@article{Roberts2020,
    title       = {Racial inequality in psychological research: {T}rends of the past and recommendations for the future},
    author      = {Roberts, S. O. and Bareket-Shavit, C. and Dollins, F. A. and Goldie, P. D. and Mortenson, E.},
    number      = {6},
    volume      = {15},
    url         = {https://doi.org/10.1177/1745691620927709},
    doi         = {10.1177/1745691620927709},
    date        = {2020},
    pages       = {1295--1309},
    journal     = {Perspectives on Psychological Science}
}


@article{Rozin2001,
    title       = {Social psychology and science: {S}ome lessons From {S}olomon {A}sch},
    author      = {Rozin, P.},
    number      = {1},
    volume      = {5},
    url         = {https://doi.org/10.1207/S15327957PSPR0501\_1},
    doi         = {10.1207/S15327957PSPR0501\_1},
    date        = {2001},
    pages       = {2--14},
    journal     = {Personality and Social Psychology Review}
}


@article{Silverstein2024,
 title={A guide for social science journal editors on easing into open science}, 
 volume={9}, 
 ISSN={2058-8615},
 url={http://dx.doi.org/10.1186/s41073-023-00141-5}, 
 DOI={10.1186/s41073-023-00141-5}, 
 number={1}, 
 journal={Research Integrity and Peer Review}, 
 publisher={Springer Science and Business Media LLC}, 
 author={Silverstein, Priya and Elman, Colin and Montoya, Amanda and McGillivray, Barbara and Pennington, Charlotte R. and Harrison, Chase H. and Steltenpohl, Crystal N. and Röer, Jan Philipp and Corker, Katherine S. and Charron, Lisa M. and Elsherif, Mahmoud and Malicki, Mario and Hayes-Harb, Rachel and Grinschgl, Sandra and Neal, Tess and Evans, Thomas Rhys and Karhulahti, Veli-Matti and Krenzer, William L. D. and Belaus, Anabel and Moreau, David and Burin, Debora I. and Chin, Elizabeth and Plomp, Esther and Mayo-Wilson, Evan and Lyle, Jared and Adler, Jonathan M. and Bottesini, Julia G. and Lawson, Katherine M. and Schmidt, Kathleen and Reneau, Kyrani and Vilhuber, Lars and Waltman, Ludo and Gernsbacher, Morton Ann and Plonski, Paul E. and Ghai, Sakshi and Grant, Sean and Christian, Thu-Mai and Ngiam, William and Syed, Moin}, 
 year={2024}, 
 month=feb 
}


@article{Simmons2011,
    title       = {False-positive psychology: {U}ndisclosed flexibility in data collection and analysis allows presenting anything as significant},
    author      = {Simmons, J. P. and Nelson, L. D. and Simonsohn, U.},
    number      = {11},
    volume      = {22},
    url         = {https://doi.org/10.1177/0956797611417632},
    doi         = {10.1177/0956797611417632},
    date        = {2011},
    pages       = {1359--1366},
    journal     = {Psychological Science}
}


@article{Spellman2015,
    title       = {A short (personal) future history of revolution 2.0},
    author      = {Spellman, B. A.},
    number      = {6},
    volume      = {10},
    url         = {https://doi.org/10.1177/1745691615609918},
    doi         = {10.1177/1745691615609918},
    date        = {2015},
    pages       = {886--899},
    journal     = {Perspectives on Psychological Science}
}


@article{Srivastava2018,
    title       = {Sound inference in complicated research: {A} multi-strategy approach},
    author      = {Srivastava, S.},
    url         = {https://doi.org/10.31234/osf.io/bwr48},
    doi         = {10.31234/osf.io/bwr48},
    date        = {2018},
    journal     = {PsyArXiv}
}


@article{Szollosi2020,
    title       = {Is preregistration worthwhile?},
    author      = {Szollosi, A. and Kellen, D. and Navarro, D. J. and Shiffrin, R. and van Rooij, I. and Van Zandt, T. and Donkin, C.},
    number      = {2},
    volume      = {24},
    url         = {https://doi.org/10.1016/j.tics.2019.11.009},
    doi         = {10.1016/j.tics.2019.11.009},
    date        = {2020},
    pages       = {94--95},
    journal     = {Trends in Cognitive Sciences}
}


@inbook{Syed2022,
    title       = {Cultural psychology, diversity, and representation in open science},
    author      = {Syed, M. and Kathawalla, U. K.},
    editor      = {McLean, K.C.},
    url         = {https://psyarxiv.com/t7hp2/},
    publisher   = {Oxford University Press},
    date        = {2022},
    pages       = {427--454},
    booktitle     = {Cultural methods in psychology: Describing and transforming cultures}
}


@article{Syed2019,
title={The Open Science Movement is For All of Us},
url={http://dx.doi.org/10.31234/osf.io/cteyb},
DOI={10.31234/osf.io/cteyb},
publisher={Center for Open Science},
author={Syed, Moin},
year={2019},
month=apr }


@article{Syed2023,
    title       = {The slow progress towards diversification in psychological research},
    author      = {Syed, M.},
    url         = {https://psyarxiv.com/bqzs5/},
    date        = {2023},
    journal     = {PsyArXiv}
}


@article{Tackett2017,
    title       = {It's time to broaden the replicability conversation: {T}houghts for and from clinical psychological science},
    author      = {Tackett, J. L. and Lilienfeld, S. O. and Patrick, C. J. and Johnson, S. L. and Krueger, R. F. and Miller, J. D. and Oltmanns, T. F. and Shrout, P. E.},
    number      = {5},
    volume      = {12},
    url         = {https://doi.org/10.1177/1745691617690042},
    doi         = {10.1177/1745691617690042},
    date        = {2017},
    pages       = {742--756},
    journal     = {Perspectives on Psychological Science}
}


@article{Thalmayer2021,
    title       = {The neglected 95\% revisited: {I}s {A}merican psychology becoming less {A}merican?},
    author      = {Thalmayer, A. G. and Toscanelli, C. and Arnett, J. J.},
    number      = {1},
    volume      = {76},
    url         = {https://doi.org/10.1037/amp0000622},
    doi         = {10.1037/amp0000622},
    date        = {2021},
    pages       = {116--129},
    journal     = {American Psychologist}
}


@article{Wagenmakers2012,
    title       = {An agenda for purely confirmatory research},
    author      = {Wagenmakers, E.-J. and Wetzels, R. and Borsboom, D. and van der Maas, H. L. J. and Kievit, R. A.},
    number      = {6},
    volume      = {7},
    url         = {https://doi.org/10.1177/1745691612463078},
    doi         = {10.1177/1745691612463078},
    date        = {2012},
    pages       = {632--638},
    journal     = {Perspectives on Psychological Science}
}


@article{Weston2019,
    title       = {Recommendations for increasing the transparency of analysis of preexisting data sets},
    author      = {Weston, S. J. and Ritchie, S. J. and Rohrer, J. M. and Przybylski, A. K.},
    number      = {3},
    volume      = {2},
    date        = {2019},
    pages       = {214--227},
    journal     = {Advances in Methods and Practices in Psychological Science},
    doi         = {https//doi.org/10.1177/2515245919848684}
}


@article{Wicherts2011,
    title       = {Psychology must learn a lesson from fraud case},
    author      = {Wicherts, J. M.},
    pages       = {7},
    volume      = {480},
    url         = {https://doi.org/10.1038/480007a},
    doi         = {10.1038/480007a},
    date        = {2011},
    journal     = {Nature}
}


@article{Wicherts2006,
    title       = {The poor availability of psychological research data for reanalysis},
    author      = {Wicherts, J. M. and Borsboom, D. and Kats, J. and Molenaar, D.},
    number      = {7},
    volume      = {61},
    url         = {https://doi.org/10.1037/0003-066X.61.7.726},
    doi         = {10.1037/0003-066X.61.7.726},
    date        = {2006},
    pages       = {726--728},
    journal     = {American Psychologist}
}


@article{Wilkinson2016,
    title       = {The {FAIR} Guiding Principles for scientific data management and stewardship},
    author      = {Wilkinson, M. D. and Dumontier, M. and Aalbersberg, I. J. and Appleton, G. and Axton, M. and Baak, A. and Mons, B.},
    number      = {1},
    volume      = {3},
    url         = {https://doi.org/10.1038/sdata.2016.18},
    doi         = {10.1038/sdata.2016.18},
    date        = {2016},
    pages       = {1--9},
    journal     = {Scientific Data}
}


@inbook{Willroth2023,
    title       = {Best laid plans: {A} guide to reporting preregistration deviations},
    author      = {Willroth, E. C. and Atherton, O. E.},
    url         = {https://doi.org/10.31234/osf.io/dwx69},
    doi         = {10.31234/osf.io/dwx69},
    date        = {2023},
    booktitle     = {Advances in Methods and Practices in Psychological Science}
}

@article{Kathawalla2021,
  title={Easing into open science: A guide for graduate students and their advisors},
  author={Kathawalla, Ummul-Kiram and Silverstein, Priya and Syed, Moin},
  journal={Collabra: Psychology},
  volume={7},
  number={1},
  pages={18684},
  year={2021},
  publisher={University of California Press},
  doi={https://doi.org/10.1525/collabra.18684}
}

@article{Cruwell2019,
    title={Robust Standards in Cognitive Science},
    volume={2},
    ISSN={2522-087X},
    url={http://dx.doi.org/10.1007/s42113-019-00049-8},
    DOI={10.1007/s42113-019-00049-8},
    number={3–4},
    journal={Computational Brain \& Behavior},
    publisher={Springer Science and Business Media LLC},
    author={Crüwell, Sophia and Stefan, Angelika M. and Evans, Nathan J.},
    year={2019},
    month={aug},
    pages={255–265}
}

