%% LaTeX2e file `bibliography.bib'
%% generated by the `filecontents' environment
%% from source `main' on 2023/10/26.
%%
 @article{Geretsegger2017,
    title       = {Music therapy for people with schizophrenia and schizophrenia-like disorders},
    author      = {Geretsegger, M. and Mössler, K. A. and Bieleninik, Ł. and Chen, X. J. and Heldal, T. O. and C, Gold},
    volume      = {5},
    url         = {https://doi.org/10.1002/14651858.CD004025.pub4},
    doi         = {10.1002/14651858.CD004025.pub4},
    place       = {Art},
    date        = {2017},
    journal     = {Cochrane Database of Systematic Reviews}
}


@article{Goldstone2020,
    title       = {Unmet medical needs and other challenges in the treatment of patients with schizophrenia. The},
    author      = {Goldstone, L. W.},
    number      = {3},
    volume      = {26},
    url         = {https://doi.org/10.37765/ajmc.2020.43011},
    doi         = {10.37765/ajmc.2020.43011},
    date        = {2020},
    pages       = {48--54},
    journal     = {American Journal of Managed}
}


@article{ofHealth2023,
    title       = {Supported housing in the community for people with mental illness who are eligible for a rehabilitation basket},
    author      = {of Health, Ministry},
    url         = {https://www.gov.il/en/service/rehabilitation-housing},
    date        = {2023}
}


@article{Pedersen2021,
    title       = {Music therapy vs. music listening for negative symptoms in schizophrenia: {R}andomized, controlled, assessor-and patient-blinded trial},
    author      = {Pedersen, I. N. and Bonde, L. O. and Hannibal, N. J. and Nielsen, J. and Aagaard, J. and Gold, C. and Rye Bertelsen, L. and Jensen, S. B. and Nielsen, R. E.},
    number      = {738810},
    volume      = {12},
    url         = {https://doi.org/10.3389/fpsyt.2021.738810},
    doi         = {10.3389/fpsyt.2021.738810},
    date        = {2021},
    journal     = {Frontiers in Psychiatry}
}


@article{Tseng2016,
    title       = {Significant treatment effect of adjunct music therapy to standard treatment on the positive, negative, and mood symptoms of schizophrenic patients: a meta-analysis. {BMC} psychiatry, 16, 16},
    author      = {Tseng, P. T. and Chen, Y. W. and Lin, P. Y. and Tu, K. Y. and Wang, H. Y. and Cheng, Y. S. and Chang, Y. C. and Chang, C. H. and Chung, W. and Wu, C. K.},
    url         = {https://doi.org/10.1186/s12888-016-0718-8},
    doi         = {10.1186/s12888-016-0718-8},
    date        = {2016}
}


@article{Veerman2017,
    title       = {Treatment for negative symptoms in schizophrenia},
    author      = {Veerman, S. R. T. and Schulte, P. F. J. and de Haan, L.},
    number      = {13},
    volume      = {77},
    url         = {https://doi.org/10.1007/s40265-017-0789-y},
    doi         = {10.1007/s40265-017-0789-y},
    date        = {2017},
    pages       = {1423--1459},
    journal     = {A comprehensive}
}
