
@article{Bawden2007,
  title = {Complexity: {{Unruly}} and {{Otherwise}}},
  shorttitle = {Complexity},
  author = {Bawden, Richard.},
  date = {2007},
  journaltitle = {Perspectives in Biology and Medicine},
  shortjournal = {Perspectives in Biology and Medicine},
  volume = {50},
  pages = {614--624},
  issn = {1529-8795},
  doi = {10.1353/pbm.2007.0043},
  langid = {english},
  number = {4}
}

@article{Chambers2015,
  title = {Understanding Complexity: {{Are}} We Making Progress?},
  shorttitle = {Understanding Complexity},
  author = {Chambers, Geoffrey K.},
  date = {2015-09},
  journaltitle = {Biology \& Philosophy},
  shortjournal = {Biol Philos},
  volume = {30},
  pages = {747--756},
  issn = {0169-3867, 1572-8404},
  doi = {10.1007/s10539-014-9468-5},
  langid = {english},
  number = {5}
}

@article{Diloksumpan2021,
  title = {The Complexity of Joint Regeneration: {{How}} an Advanced Implant Could Fail by Its in Vivo Proven Bone Component},
  author = {Diloksumpan, P. and Abinzano, F. and family=Ruijter, given=M., prefix=de, useprefix=true and Mensinga, A. and Plomp, S. and Khan, I. and Brommer, H. and Smit, I. and Dias Castilho, M. and family=Weeren, given=P. R., prefix=van, useprefix=true and Malda, J. and Levato, R.},
  date = {2021},
  journaltitle = {Journal of Trial and Error},
  issn = {2667-1204},
  doi = {10.36850/e3},
  keywords = {â›” No DOI found}
}

@article{McShea1996,
  title = {PERSPECTIVE METAZOAN COMPLEXITY AND EVOLUTION: IS THERE A TREND?},
  shorttitle = {{{PERSPECTIVE METAZOAN COMPLEXITY AND EVOLUTION}}},
  author = {McShea, Daniel W.},
  date = {1996-04},
  journaltitle = {Evolution},
  shortjournal = {Evolution},
  volume = {50},
  pages = {477--492},
  issn = {00143820},
  doi = {10.1111/j.1558-5646.1996.tb03861.x},
  langid = {english},
  number = {2}
}

@book{Mill1884,
  title = {A System of Logic, Ratiocinative and Inductive. {{Being}} a Connected View of the Principles of Evidence and the Methods of Scientific Investigation},
  author = {Mill, J. S.},
  date = {1884},
  edition = {8th Ed},
  publisher = {{Longmans, Green, and Co.}},
  origdate = {1843}
}

@book{Page2011,
  title = {Diversity and Complexity},
  author = {Page, Scott E.},
  date = {2011},
  publisher = {{Princeton University Press}},
  location = {{Princeton, NJ}},
  isbn = {978-0-691-13767-4},
  keywords = {Complexity (Philosophy),Cultural pluralism,Social systems},
  pagetotal = {291},
  series = {Primers in Complex Systems}
}

@article{Radder2011,
  title = {Sandra {{D}}. {{Mitchell}}. {{{\emph{Unsimple Truths}}}}{\emph{: }}{{{\emph{Science}}}}{\emph{, }}{{{\emph{Complexity}}}}{\emph{, and }}{{{\emph{Policy}}}} . x + 149 Pp., Illus., Bibl., Index. {{Chicago}}/{{London}}: {{University}} of {{Chicago Press}}, 2009. \$27.50 (Cloth).},
  shorttitle = {Sandra {{D}}. {{Mitchell}}. {{{\emph{Unsimple Truths}}}}},
  author = {Radder, Hans},
  date = {2011-06},
  journaltitle = {Isis},
  shortjournal = {Isis},
  volume = {102},
  pages = {385--386},
  issn = {0021-1753, 1545-6994},
  doi = {10.1086/661704},
  langid = {english},
  number = {2}
}

@article{Wilmink1999,
  title = {Differences in Second-Intention Wound Healing between Horses and Ponies: Macroscopic Aspects},
  shorttitle = {Differences in Second-Intention Wound Healing between Horses and Ponies},
  author = {Wilmink, Jacintha M. and Stolk, P. W. Th. and Weeren, P. R. and Barneveld, A.},
  date = {1999-01},
  journaltitle = {Equine Veterinary Journal},
  volume = {31},
  pages = {53--60},
  issn = {04251644, 20423306},
  doi = {10.1111/j.2042-3306.1999.tb03791.x},
  langid = {english},
  number = {1}
}


