%% LaTeX2e file `bibliography.bib'
%% generated by the `filecontents' environment
%% from source `main' on 2025/01/19.
%%
 @thesis{Beumer2016,
    title       = {Nanotechnology and development: {S}tyles of governance in India, South Africa, and Kenya},
    author      = {Beumer, K.},
    publisher   = {Maastricht University Press. Pure},
    place       = {Maastricht University},
    date        = {2016},
    booktitle     = {[Doctoral Thesis,}
}


@article{Beumer2018,
    title       = {Travelling risks: {H}ow did nanotechnology become a risk in India and South Africa?},
    author      = {Beumer, K.},
    number      = {11},
    volume      = {21},
    url         = {https://doi.org/10.1080/13669877.2017.1304978},
    doi         = {10.1080/13669877.2017.1304978},
    date        = {2018},
    pages       = {1362--138},
    journal     = {Journal of Risk Research}
}


@article{Boholm2011,
    title       = {A relational theory of risk},
    author      = {Boholm, Ã…. and Corvellec, H.},
    number      = {2},
    volume      = {14},
    url         = {https://doi.org/10.1080/13669877.2010.515313},
    doi         = {10.1080/13669877.2010.515313},
    date        = {2011},
    pages       = {175--190},
    journal     = {Journal of Risk Research}
}
