%% LaTeX2e file `bibliography.bib'
%% generated by the `filecontents' environment
%% from source `main' on 2024/04/08.
%%
 @article{Begley2020,
    title       = {Experts envision two scenarios if the new coronavirus isn't contained},
    author      = {Begley, S.},
    url         = {https://www.statnews.com/2020/02/04/two-scenarios-if-new-coronavirus-isnt-contained/},
    date        = {2020-02-04},
    journal     = {Stat News}
}


@article{Bekker-NielsenDunbar2020,
    title       = {Epidemic-endemic framework used in {COVID}-19 modelling},
    author      = {Bekker-Nielsen Dunbar, M. and Held, L.},
    number      = {5},
    volume      = {18},
    url         = {https://www.ine.pt/revstat/pdf/REVSTAT},
    date        = {2020},
    journal     = {REVSTAT}
}


@article{Bekker-NielsenDunbar2022,
    title       = {Assessing the effect of school closures on the spread of {COVID}-19 in Zurich},
    author      = {Bekker-Nielsen Dunbar, M. and Hofmann, F. and Held, L.},
    url         = {https://rss.org.uk/RSS/media/File-library/News/2021/BekkerNielsenHeld.pdf},
    date        = {2022}
}


@article{Grimée2021,
    title       = {Modelling the effect of a border closure between Switzerland and Italy on the spatiotemporal spread of {COVID}-19 in Switzerland},
    author      = {Grimée, M. and Bekker-Nielsen Dunbar, M. and Hofmann, F. and Held, L.},
    volume      = {100552},
    url         = {https://doi.org/10.1016/j.spasta.2021.100552},
    doi         = {10.1016/j.spasta.2021.100552},
    date        = {2021},
    journal     = {Spatial Statistics}
}


@article{Hamblin2020,
    title       = {You're likely to get the coronavirus: {M}ost cases are not life-threatening, which is also what makes the virus a historic challenge to contain},
    author      = {Hamblin, J.},
    url         = {https://www.theatlantic.com/health/archive/2020/02/covid-vaccine/607000/},
    date        = {2020},
    journal     = {The Atlantic}
}


@article{Herzog2011,
    title       = {Heterogeneity in vaccination coverage explains the size and occurrence of measles epidemics in German surveillance data},
    author      = {Herzog, S. A. and Paul, M. and Held, L.},
    number      = {4},
    volume      = {139},
    url         = {https://doi.org/10.1017/S0950268810001664},
    doi         = {10.1017/S0950268810001664},
    date        = {2011},
    pages       = {505--515},
    journal     = {Epidemiology and Infection}
}


@article{Mamelund2021,
    title       = {The association between socioeconomic status and pandemic influenza: {S}ystematic review and meta-analysis},
    author      = {Mamelund, S.-E. and Shelley-Egan, C. and Rogeberg, O.},
    number      = {9},
    volume      = {16},
    url         = {https://doi.org/10.1371/journal.pone.0244346},
    doi         = {10.1371/journal.pone.0244346},
    date        = {2021},
    pages       = {1--31},
    journal     = {PLOS ONE}
}


@article{Meyer2014,
    title       = {Power-law models for infectious disease spread},
    author      = {Meyer, S. and Held, L.},
    number      = {3},
    volume      = {8},
    url         = {https://doi.org/10.1214/14-AOAS743},
    doi         = {10.1214/14-AOAS743},
    date        = {2014},
    pages       = {1612--1639},
    journal     = {The Annals of Applied Statistics}
}


@article{Meyer2016,
    title       = {Incorporating social contact data in spatio-temporal models for infectious disease spread},
    author      = {Meyer, S. and Held, L.},
    number      = {2},
    volume      = {18},
    url         = {https://doi.org/10.1093/biostatistics/kxw051},
    doi         = {10.1093/biostatistics/kxw051},
    date        = {2016},
    pages       = {338--351},
    journal     = {Biostatistics}
}


@article{Organization2016,
    title       = {International Health Regulations (2005},
    author      = {Organization, World Health},
    url         = {https://www.who.int/ihr/publications/9789241580496/en/},
    date        = {2016}
}


@article{Organization2019,
    title       = {Thirteenth General Programme of Work 2019--2023},
    author      = {Organization, World Health},
    url         = {https://apps.who.int/iris/bitstream/handle/10665/324775/WHO-PRP-18.1-eng.pdf},
    date        = {2019}
}


@article{Wu2020,
    title       = {Nowcasting and forecasting the potential domestic and international spread of the 2019-nCoV outbreak originating in Wuhan, China: {A} modelling study},
    author      = {Wu, J. T. and Leung, K. and Leung, G. M.},
    number      = {10225},
    volume      = {395},
    url         = {https://doi.org/10.1016/S0140-6736(20)30260-9},
    doi         = {10.1016/S0140-6736(20)30260-9},
    date        = {2020},
    pages       = {689--697},
    journal     = {Lancet}
}
