%% LaTeX2e file `bibliography.bib'
%% generated by the `filecontents' environment
%% from source `main' on 2025/01/19.
%%
 @article{Merton1948,
    title       = {The bearing of empirical research upon the development of social theory},
    author      = {Merton, R.},
    number      = {5},
    volume      = {13},
    date        = {1948},
    pages       = {505--515},
    journal     = {American Socialogical Review}
}


@article{Copeland2023,
    title       = {Doing ethics, and the possible},
    author      = {Copeland, S.},
    number      = {4},
    volume      = {1},
    url         = {https://doi.org/10.1177/27538699231210907},
    doi         = {10.1177/27538699231210907},
    date        = {2023},
    pages       = {427--435},
    journal     = {Possibility Studies \& Society}
}


@inbook{Copeland2024,
    title       = {Serendipity},
    author      = {Copeland, S. and Ross, W.},
    editor      = {Darbellay, F.},
    url         = {https://doi.org/10.4337/9781035317967.ch103},
    doi         = {10.4337/9781035317967.ch103},
    date        = {2024},
    pages       = {656},
    booktitle     = {Elgar Encyclopedia of Interdisciplinarity and Transdisciplinarity}
}


@article{Merton1948,
    title       = {The bearing of empirical research upon the development of social theory},
    author      = {Merton, R. K.},
    number      = {5},
    volume      = {13},
    url         = {https://doi.org/10.2307/2087142},
    doi         = {10.2307/2087142},
    date        = {1948},
    pages       = {505--515},
    journal     = {American Sociological Review}
}
