@article{Bedein2010,
  author = {Bedeian, A.G. and Taylor, S.G. and Miller, A.N.},
  date = {2010},
  title = {Management science on the credibility bubble: Cardinal sins and various misdemeanors},
  volume = {9},
  pages = {715–725},
  journal = {Academy of Management Learning & Education},
  number = {4}
}
@article{Bettis2012,
  author = {Bettis, R.A.},
  date = {2012},
  title = {The search for asterisks: Compromised statistical tests and flawed theories},
  volume = {33},
  pages = {108–113},
  journal = {Strategic Management Journal},
  number = {1}
}
@article{Cook1979,
  author = {Cook, T.D. and Gruder, C.L. and Hennigan, K.M. and Flay, B.R.},
  date = {1979},
  title = {History of the sleeper effect: Some logical pitfalls in accepting the null hypothesis},
  volume = {86},
  pages = {662},
  journal = {Psychological Bulletin},
  number = {4}
}
@article{Cross1982,
  author = {Cross, R.},
  date = {1982},
  title = {The Duhem-Quine thesis, Lakatos and the appraisal of theories in macroeconomics},
  volume = {92},
  pages = {320–340},
  journal = {The Economic Journal},
  number = {366}
}
@article{Davis1971,
  author = {Davis, M.S.},
  date = {1971},
  title = {That's interesting! Towards a phenomenology of sociology and a sociology of phenomenology},
  volume = {1},
  pages = {309–344},
  journal = {Philosophy of the Social Sciences},
  number = {2}
}
@article{Haveman1993,
  author = {Haveman, H.A.},
  date = {1993},
  title = {Follow the leader: Mimetic isomorphism and entry into new markets},
  volume = {38},
  pages = {593–627},
  journal = {Administrative Science Quarterly},
  number = {4}
}
@article{Heugens2009,
  author = {Heugens, P.P. and Lander, M.W.},
  date = {2009},
  title = {Structure! Agency!(and other quarrels): A meta-analysis of institutional theories of organization},
  volume = {52},
  pages = {61–85},
  journal = {Academy of Management Journal},
  number = {1}
}
@article{Hines1988,
  author = {Hines, R.D.},
  date = {1988},
  title = {Popper’s methodology of falsificationism and accounting research},
  volume = {63},
  pages = {657–662},
  journal = {The Accounting Review},
  number = {4}
}
@article{Hollenbeck2017,
  author = {Hollenbeck, J.R. and Wright, P.M.},
  date = {2017},
  title = {Harking, Sharking, and Tharking: Making the Case for Post Hoc Analysis of Scientific Data},
  volume = {43},
  pages = {5–18},
  journal = {Journal of Management},
  number = {1}
}
@misc{johns2019a,
  author = {Johns, G.},
  date = {2019},
  title = {GUIDEPOST: Departures from conventional wisdom: Where’s the next opposite effect? Academy of Management Discoveries},
  doi = {10.5465/amd.2019.0226.}
}
@article{Lakatos1970,
  author = {Lakatos, I.},
  date = {1970},
  title = {Falsification and the methodology of scientific research programmes},
  pages = {91–196},
  publisher = {Cambridge University Press},
  journal = {Criticism and the Growth of Knowledge}
}
@article{Locke2008,
  author = {Locke, K. and Golden-Biddle, K. and Feldman, M.S.},
  date = {2008},
  title = {Perspective—Making doubt generative: rethinking the role of doubt in the research process},
  volume = {19},
  pages = {907–918},
  journal = {Organization Science},
  number = {6}
}
@article{Mazzola2013,
  author = {Mazzola, J.J. and Deuling, J.K.},
  date = {2013},
  title = {Forgetting what we learned as graduate students: HARKing and selective outcome reporting in I–O journal articles},
  volume = {6},
  pages = {279–284},
  journal = {Industrial and Organizational Psychology},
  number = {3}
}
@article{Murphy2019,
  author = {Murphy, K.R. and Aguinis, H.},
  date = {2019},
  title = {HARKing: How badly can cherry-picking and question trolling produce bias in published results?},
  volume = {34},
  pages = {1–17},
  journal = {Journal of business and psychology},
  number = {1}
}
@article{Collaboration2015,
  author = {Collaboration, Open Science},
  date = {2015},
  title = {Estimating the reproducibility of psychological science},
  volume = {349},
  journal = {Science},
  number = {6251}
}
@article{Rubin2017,
  author = {Rubin, M.},
  date = {2017},
  title = {When does HARKing hurt? Identifying when different types of undisclosed post hoc hypothesizing harm scientific progress},
  volume = {21},
  pages = {308–320},
  journal = {Review of General Psychology},
  number = {4}
}
@article{Schwab2011,
  author = {Schwab, A. and Abrahamson, E. and Starbuck, W.H. and Fidler, F.},
  date = {2011},
  title = {Perspective—researchers should make thoughtful assessments instead of null-hypothesis significance tests},
  volume = {22},
  pages = {1105–1120},
  journal = {Organization Science},
  number = {4}
}
@incollection{schwab2012a,
  author = {Schwab, A. and Starbuck, W.H.},
  date = {2012},
  title = {Using baseline models to improve theories about emerging markets},
  editor = {Wang, C.L. and Ketchen, D.J. and Bergh, D.D.},
  volume = {7},
  pages = {3–33},
  publisher = {Emerald Group Publishing Limited},
  booktitle = {West Meets East: Toward Methodological Exchange (Research Methodology in Strategy and Management},
  address = {Bingley}
}
@article{Schwab2017,
  author = {Schwab, A. and Starbuck, W.H.},
  date = {2017},
  title = {A call for openness in research reporting: How to turn covert practices into helpful tools},
  volume = {16},
  pages = {125–141},
  journal = {Academy of Management Learning & Education},
  number = {1}
}
@article{S2005,
  author = {Søberg, M.},
  date = {2005},
  title = {The Duhem‐Quine thesis and experimental economics: A reinterpretation},
  volume = {12},
  pages = {581–597},
  journal = {Journal of Economic Methodology},
  number = {4}
}
@article{Spector2011,
  author = {Spector, P.E. and Brannick, M.T.},
  date = {2011},
  title = {Methodological urban legends: The misuse of statistical control variables},
  volume = {14},
  pages = {287–305},
  journal = {Organizational Research Methods},
  number = {2}
}
@incollection{hugten2021a,
  author = {Hugten, J. and Witteloostuijn, A.},
  date = {2021},
  title = {The State of the Art of Hypothesis Testing in the Social Sciences},
  editor = {Mandele, H.C. and Witteloostuijn, A.},
  edition = {1st},
  pages = {167–185},
  publisher = {VU University Press},
  booktitle = {A Future for Economics}
}
@article{Witteloostuijn2016,
  author = {Witteloostuijn, A.},
  date = {2016},
  title = {What happened to Popperian falsification? Publishing neutral and negative findings},
  volume = {23},
  pages = {481–508},
  journal = {Cross Cultural & Strategic Management},
  number = {3}
}
@article{Wasserstein2019,
  author = {Wasserstein, R.L. and Schirm, A.L. and Lazar, N.A.},
  date = {2019},
  title = {Moving to a World Beyond “p < 0.05},
  volume = {73},
  pages = {1–19},
  journal = {The American Statistician},
  number = {sup1}
}
@article{Weick1999,
  author = {Weick, K.E.},
  date = {1999},
  title = {Conclusion: Theory Construction as Disciplined Reflexivity: Tradeoffs in the 90s},
  volume = {24},
  pages = {797–806},
  journal = {The Academy of Management Review},
  number = {4}
}
