%% LaTeX2e file `bibliography.bib'
%% generated by the `filecontents' environment
%% from source `vugten' on 2022/07/15.
%%

@article{Bedeian2010,
  author = {Bedeian, A.G. and Taylor, S.G. and Miller, A.N.},
  date = {2010},
  title = {Management science on the credibility bubble: Cardinal sins and various misdemeanors},
  volume = {9},
  pages = {715–725},
  journal = {Academy of Management Learning & Education},
  number = {4}
}
@article{Cook1979,
  author = {Cook, T.D. and Gruder, C.L. and Hennigan, K.M. and Flay, B.R.},
  date = {1979},
  title = {History of the sleeper effect: Some logical pitfalls in accepting the null hypothesis},
  volume = {86},
  pages = {662},
  journal = {Psychological Bulletin},
  number = {4}
}
@article{Cross1982,
  author = {Cross, R.},
  date = {1982},
  title = {The Duhem-Quine thesis, Lakatos and the appraisal of theories in macroeconomics},
  volume = {92},
  pages = {320–340},
  journal = {The Economic Journal},
  number = {366}
}
@article{Davis1971,
  author = {Davis, M.S.},
  date = {1971},
  title = {That's interesting! Towards a phenomenology of sociology and a sociology of phenomenology},
  volume = {1},
  pages = {309–344},
  journal = {Philosophy of the Social Sciences},
  number = {2}
}
@article{Heugens2009,
  author = {Heugens, P.P. and Lander, M.W.},
  date = {2009},
  title = {Structure! Agency!(and other quarrels): A meta-analysis of institutional theories of organization},
  volume = {52},
  pages = {61–85},
  journal = {Academy of Management Journal},
  number = {1}
}
@article{Hollenbeck2017,
  author = {Hollenbeck, J.R. and Wright, P.M.},
  date = {2017},
  title = {Harking, Sharking, and Tharking: Making the Case for Post Hoc Analysis of Scientific Data},
  volume = {43},
  pages = {5–18},
  journal = {Journal of Management},
  number = {1}
}
@article{Locke2008,
  author = {Locke, K. and Golden-Biddle, K. and Feldman, M.S.},
  date = {2008},
  title = {Perspective—Making doubt generative: rethinking the role of doubt in the research process},
  volume = {19},
  pages = {907–918},
  journal = {Organization Science},
  number = {6}
}
  @article{OpenSourceCollaboration2015,
    title       = {Estimating the reproducibility of psychological science},
    author      = {Collaboration, Open Science},
    number      = {6251},
    volume      = {349},
    year        = {2015},
    journal     = {Science}
}


@article{Mazzola2013,
    title       = {Forgetting what we learned as graduate students: HARKing and selective outcome reporting in I--O},
    author      = {Mazzola, J.J. and Deuling, J.K.},
    number      = {3},
    volume      = {6},
    year        = {2013},
    pages       = {279--284},
    journal     = {journal articles. Industrial and Organizational}
}


@article{Hugten2021,
    title       = {The State of the Art of Hypothesis Testing in the Social Sciences},
    author      = {Hugten, J. and Witteloostuijn, A.},
    publisher   = {VU University Press},
    year        = {2021},
    pages       = {167--185},
    journal     = {A Future for Economics}
}


@article{Bedeian2010,
    title       = {Management science on the credibility bubble},
    author      = {Bedeian, A.G. and Taylor, S.G. and Miller, A.N.},
    number      = {4},
    volume      = {9},
    year        = {2010},
    pages       = {715--725},
    journal     = {Cardinal sins and various misdemeanors. Academy of Management Learning \&}
}


@article{Rubin2017,
    title       = {When does HARKing hurt? Identifying when different types of undisclosed post hoc hypothesizing harm scientific progress. Review of General Psychology, 21(4},
    author      = {Rubin, M.},
    year        = {2017},
    pages       = {308--320}
}


@article{Witteloostuijn2016,
    title       = {What happened to Popperian falsification? Publishing neutral and negative findings. Cross Cultural \&},
    author      = {Witteloostuijn, A.},
    number      = {3},
    volume      = {23},
    year        = {2016},
    pages       = {481--508},
    journal     = {Strategic}
}


@article{Johns2019,
    title       = {GUIDEPOST: Departures from conventional wisdom: Where's the next opposite effect? Academy of Management Discoveries},
    author      = {Johns, G.},
    doi         = {10.5465/amd.2019.0226.},
    year        = {2019}
}


@article{Davis1971,
    title       = {That's interesting! Towards a phenomenology of sociology and a sociology of phenomenology. Philosophy of the Social Sciences, 1(2},
    author      = {Davis, M.S.},
    year        = {1971},
    pages       = {309--344}
}


@book{Schwab2012,
    title       = {Using baseline models to improve theories about emerging markets In Wang, C.L., Ketchen, D.J. and Bergh, D.D. (Ed.) West Meets East: Toward Methodological Exchange (Research Methodology in Strategy and Management},
    author      = {Schwab, A. and undefined, Starbuck},
    volume      = {7},
    publisher   = {Emerald Group Publishing Limited},
    place       = {Bingley},
    year        = {2012},
    pages       = {3--33}
}


@article{Hines1988,
    title       = {Popper's methodology of falsificationism and accounting research},
    author      = {Hines, R.D.},
    number      = {4},
    volume      = {63},
    year        = {1988},
    pages       = {657--662},
    journal     = {The Accounting Review}
}


@article{Lakatos1970,
    title       = {Falsification and the methodology of scientific research programmes},
    author      = {Lakatos, I.},
    publisher   = {Cambridge University Press},
    year        = {1970},
    pages       = {91--196},
    journal     = {Criticism and the Growth of Knowledge}
}


@article{Søberg2005,
    title       = {The Duhem-Quine thesis and experimental economics: A reinterpretation. Journal of Economic Methodology, 12(4},
    author      = {Søberg, M.},
    year        = {2005},
    pages       = {581--597}
}


@article{Weick1999,
    title       = {Conclusion: Theory Construction as Disciplined Reflexivity: Tradeoffs in the 90s},
    author      = {Weick, K.E.},
    number      = {4},
    volume      = {24},
    year        = {1999},
    pages       = {797--806},
    journal     = {The Academy of Management Review}
}


@article{Cross1982,
    title       = {The Duhem-Quine thesis, Lakatos and the appraisal of theories in macroeconomics},
    author      = {Cross, R.},
    number      = {366},
    volume      = {92},
    year        = {1982},
    pages       = {320--340},
    journal     = {The Economic Journal}
}


@article{Spector2011,
    title       = {Methodological urban legends: The misuse of statistical control variables. Organizational},
    author      = {Spector, P.E. and Brannick, M.T.},
    number      = {2},
    volume      = {14},
    year        = {2011},
    pages       = {287--305},
    journal     = {Research}
}


@article{Haveman1993,
    title       = {Follow the leader: Mimetic isomorphism and entry into new markets. Administrative},
    author      = {Haveman, H.A.},
    number      = {4},
    volume      = {38},
    year        = {1993},
    pages       = {593--627},
    journal     = {Science Quarterly}
}


@article{Bettis2012,
    title       = {The search for asterisks: Compromised statistical tests and flawed theories. Strategic},
    author      = {Bettis, R.A.},
    number      = {1},
    volume      = {33},
    year        = {2012},
    pages       = {108--113},
    journal     = {Management}
}


@article{Wasserstein2019,
    title       = {Moving to a World Beyond “p < 0.05},
    author      = {Wasserstein, R.L. and Schirm, A.L. and Lazar, N.A.},
    number      = {sup1},
    volume      = {73},
    year        = {2019},
    pages       = {1--19},
    journal     = {The American Statistician}
}


@article{Schwab2011,
  author = {Schwab, A. and Abrahamson, E. and Starbuck, W.H. and Fidler, F.},
  date = {2011},
  title = {Perspective—researchers should make thoughtful assessments instead of null-hypothesis significance tests},
  volume = {22},
  pages = {1105–1120},
  journal = {Organization Science},
  number = {4}
}
@incollection{Schwab2012,
  author = {Schwab, A. and Starbuck, W.H.},
  date = {2012},
  title = {Using baseline models to improve theories about emerging markets},
  editor = {Wang, C.L. and Ketchen, D.J. and Bergh, D.D.},
  volume = {7},
  pages = {3–33},
  publisher = {Emerald Group Publishing Limited},
  booktitle = {West Meets East: Toward Methodological Exchange (Research Methodology in Strategy and Management},
  address = {Bingley}
}
@article{Schwab2017,
  author = {Schwab, A. and Starbuck, W.H.},
  date = {2017},
  title = {A call for openness in research reporting: How to turn covert practices into helpful tools},
  volume = {16},
  pages = {125–141},
  journal = {Academy of Management Learning & Education},
  number = {1}
}
@article{Murphy2019,
  author = {Murphy, K.R. and Aguinis, H.},
  date = {2019},
  title = {HARKing: How badly can cherry-picking and question trolling produce bias in published results?},
  volume = {34},
  pages = {1–17},
  journal = {Journal of Business and Psychology},
  number = {1}
}
