%% LaTeX2e file `bibliography.bib'
%% generated by the `filecontents' environment
%% from source `main' on 2025/04/26.
%%
 @article{Abdill2019,
    title       = {Tracking the popularity and outcomes of all bioRxiv preprints},
    author      = {Abdill, R. J. and Blekhman, R.},
    volume      = {8, Article e45133},
    url         = {https://doi.org/10.7554/eLife.45133},
    doi         = {10.7554/eLife.45133},
    date        = {2019},
    journal     = {eLife}
}


@article{undefined2022,
    title       = {Agency for Healthcare Research and Quality ({AHRQ}},
    url         = {https://psnet.ahrq.gov/primer/alert-fatigue.},
    date        = {2022-03-10},
    journal     = {Patient Safety Network}
}


@article{undefined2021,
    title       = {\& International Society for Medical Publication Professionals},
    number      = {5},
    volume      = {37},
    url         = {https://doi.org/10.1080/03007995.2021.1900365},
    doi         = {10.1080/03007995.2021.1900365},
    publisher   = {American Medical Writers Association, European Medical Writers Association},
    date        = {2021},
    pages       = {861--866},
    journal     = {Current Medical Research and Opinion}
}


@article{Anderson2019,
    title       = {The problem of preprints in the press},
    author      = {Anderson, K.},
    url         = {https://www.the-geyser.com/biorxiv-preprints-in-the-press/},
    date        = {2019-10-03},
    journal     = {The Geyser}
}


@article{Anderson2020,
    title       = {bioRxiv: {T}rends and analysis of five years of preprints},
    author      = {Anderson, K. R.},
    number      = {2},
    volume      = {33},
    url         = {https://doi.org/10.1002/leap.1265},
    doi         = {10.1002/leap.1265},
    date        = {2020},
    pages       = {104--109},
    journal     = {Learned Publishing}
}


@inbook{Anderson2021,
    title       = {Cleaning up our own mess},
    author      = {Anderson, K.},
    url         = {https://thegeyser.substack.com/p/distilling-chaos-out-of-order?s=r},
    date        = {2021-01-07},
    booktitle     = {The Geyser}
}


@article{Anderson2021,
    title       = {A messy withdrawal of a sloppy preprint},
    author      = {Anderson, K.},
    url         = {https://thegeyser.substack.com/p/a-messy-withdrawal-of-a-sloppy-preprint?s=r},
    date        = {2021-07-16},
    journal     = {The Geyser}
}


@inbook{Anderson2021,
    title       = {Ivermectin preprint, poison control calls},
    author      = {Anderson, K.},
    url         = {https://www.the-geyser.com/ivermectin-preprint-poison-control/},
    date        = {2021-08-21},
    booktitle     = {The Geyser}
}


@article{Anderson2021,
    author      = {Anderson, K.},
    url         = {https://thegeyser.substack.com/p/medrxiv-gets-played-again?token=eyJ1c2VyX2lkIjoxODQ2OTExLCJwb3N0X2lkIjo0MDQ3MDM3NiwiXyI6IitIajNVIiwiaWF0IjoxNjMwMDAwNzM3LCJleHAiOjE2MzAwMDQzMzcsImlzcyI6InB1Yi0zMzQ0Iiwic3ViIjoicG9zdC1yZWFjdGlvbiJ9.ixKIg7P0J7VlVAp39ux\_YLbmRhPA6k1H-uQuteu41ZA\&s=r},
    date        = {2021-08-25}
}


@article{Anderson2021,
    author      = {Anderson, K.},
    url         = {https://www.the-geyser.com/another-preprint-bomb-detonates/},
    date        = {2021-09-27}
}


@article{Anderson2021,
    title       = {Is Open Science all about “me”? The Geyser},
    author      = {Anderson, K.},
    url         = {https://thegeyser.substack.com/p/is-open-science-all-about-me?s=w},
    date        = {2021-12-13}
}


@inbook{Anderson2022,
    title       = {Canada drops more preprint bombs},
    author      = {Anderson, K.},
    url         = {https://www.the-geyser.com/canadians-throw-more-preprint-bombs/},
    date        = {2022-01-17},
    booktitle     = {The Geyser}
}


@inbook{Anderson2024,
    title       = {eLife's bad model defies burial},
    author      = {Anderson, K.},
    url         = {https://www.the-geyser.com/elifes-bad-model-defies-burial/},
    date        = {2024-08-07},
    booktitle     = {The Geyser}
}


@article{Bauchner2017,
    title       = {The rush to publication: {A}n editorial and scientific mistake},
    author      = {Bauchner, H.},
    number      = {12},
    volume      = {318},
    url         = {https://doi.org/10.1001/jama.2017.11816},
    doi         = {10.1001/jama.2017.11816},
    date        = {2017},
    pages       = {1109--1110},
    journal     = {JAMA}
}


@article{Carneiro2020,
    title       = {Comparing quality of reporting between preprints and peer-reviewed articles in the biomedical literature},
    author      = {Carneiro, C. F. D. and Queiroz, V. G. S. and Moulin, T. C. and Carvalho, C. A. M. and Haas, C. B. and Rayêe, D. and Henshall, D. E. and De-Souza, E. A. and Amorim, F. E. and Zacouteguy Boos, F. and Guercio, G. D. and Costa, I. R. and Hajdu, K. L. and van Egmond, L. and Modrák, M. and Tan, P. B. and Abdill, R. J. and Burgess, S. J. and Guerra, S. F. S. and Amaral, O. B.},
    volume      = {5, Article 16},
    url         = {https://doi.org/10.1186/s41073-020-00101-3},
    doi         = {10.1186/s41073-020-00101-3},
    date        = {2020},
    journal     = {Research Integrity and Peer Review}
}


@article{Carneiro2023,
    title       = {Characterization of comments about bioRxiv and medRxiv preprints},
    author      = {Carneiro, C. F. D. and da Costa, G. G. and Neves, K. and Boechat de Abreu, M. and Tan, P. B. and Rayêe, D. and Zacouteguy Boos, F. and Anderjew, R. and Lubiana, T. and Malički, M. and Amaral, O. B.},
    number      = {8},
    volume      = {6},
    url         = {https://doi.org/10.1001/jamanetworkopen.2023.31410},
    doi         = {10.1001/jamanetworkopen.2023.31410},
    date        = {2023},
    journal     = {JAMA Network Open}
}


@article{Cooke2024,
    title       = {A harm reduction approach to improving peer review by acknowledging its imperfections},
    author      = {Cooke, S. J. and Young, N. and Peiman, K. and Roche, D. G. and Clements, J. and Kadykalo, A. and Provencher, J. and Raghavan, M. and DeRosa, R. and Lennox, R. and Fayek, A. R. and Cristescu, M. and Murray, S. and Quinn, J. and Cobey, K. D. and Browman, H. I.},
    volume      = {9},
    url         = {https://doi.org/10.1139/facets-2024-0102},
    doi         = {10.1139/facets-2024-0102},
    date        = {2024},
    pages       = {1--14},
    journal     = {Facets}
}


@article{Curry2015,
    title       = {Peer review, preprints, and the speed of science},
    author      = {Curry, S.},
    url         = {https://www.theguardian.com/science/occams-corner/2015/sep/07/peer-review-preprints-speed-science-journals},
    date        = {2015-09-07},
    journal     = {The Guardian}
}


@book{Dooney2020,
    title       = {New research suggests runners should be further than 2m apart},
    author      = {Dooney, E.},
    url         = {https://www.runnersworld.com/uk/news/a32094750/coronavirus-runner-slipstream/},
    publisher   = {Runners World},
    date        = {2020-04-09}
}


@article{Else2020,
    title       = {How a torrent of {COVID} science changed research publishing — in seven charts},
    author      = {Else, H.},
    volume      = {588, Article 553},
    url         = {https://doi.org/10.1038/d41586-020-03564-y},
    doi         = {10.1038/d41586-020-03564-y},
    date        = {2020},
    journal     = {Nature}
}


@article{Fox2020,
    title       = {A pandemic moves peer review to Twitter},
    author      = {Fox, J.},
    url         = {https://www.bloombergquint.com/gadfly/coronavirus-research-moves-faster-than-medical-journals},
    date        = {2020-05-05},
    journal     = {Bloomberg Quint}
}


@article{Fraser2021,
    title       = {The evolving role of preprints in the dissemination of {COVID}-19 research and their impact on the science communication landscape},
    author      = {Fraser, N. and Brierly, L. and Dey, G. and Polka, J. K. and Pálfy, M. and Nanni, F. and Coates, J. A.},
    number      = {4},
    volume      = {19},
    url         = {https://doi.org/10.1371/journal.pbio.3000959},
    doi         = {10.1371/journal.pbio.3000959},
    date        = {2021},
    journal     = {PLOS Biology}
}


@article{Kodvanj2022,
    title       = {Publishing of {COVID}-19 preprints in peer-reviewed journals, preprinting trends, public discussion and quality issues},
    author      = {Kodvanj, I. and Homolak, J. and Virag, D. and Trkulja, V.},
    volume      = {129},
    url         = {https://doi.org/10.1007/s11192-021-04249-7},
    doi         = {10.1007/s11192-021-04249-7},
    date        = {2022},
    pages       = {1339--1352},
    journal     = {Scientometrics}
}


@article{Kronzucker2022,
    title       = {The good and the bad of preprint servers in plant physiology},
    author      = {Kronzucker, H. J. and Qiu, Q. S. and Sonnewald, U.},
    volume      = {271, Article 153661},
    url         = {https://doi.org/10.1016/j.jplph.2022.153661},
    doi         = {10.1016/j.jplph.2022.153661},
    date        = {2022},
    journal     = {Journal of Plant Physiology}
}


@article{Lawcom2022,
    title       = {Duty of care},
    author      = {{Lawcom}},
    url         = {https://dictionary.law.com/Default.aspx?selected=59},
    date        = {2022-03-09}
}


@article{Leopold2021,
    title       = {Editorial: {C}an journals, as trusted intermediaries, cut through the signal-to-noise problem in medical publishing?},
    author      = {Leopold, S. S.},
    number      = {7},
    volume      = {479},
    url         = {http://doi.org/10.1097/CORR.0000000000001845},
    doi         = {10.1097/CORR.0000000000001845},
    date        = {2021},
    pages       = {1409--1412},
    journal     = {Clinical Orthopaedics and Related Research}
}


@article{Leopold2021,
    title       = {The dangers of undercooked science and a hungry public},
    author      = {Leopold, S. S.},
    url         = {https://www.seattletimes.com/opinion/the-dangers-of-undercooked-science-and-a-hungry-public/},
    date        = {2021-11-19},
    journal     = {Seattle Times}
}


@article{Leopold2022,
    title       = {Editorial: {T}he process is the outcome-And it all starts with {CORR}'s wonderful peer reviewers},
    author      = {Leopold, S. S.},
    number      = {12},
    volume      = {480},
    url         = {http://doi.org/10.1097/CORR.0000000000002454},
    doi         = {10.1097/CORR.0000000000002454},
    date        = {2022},
    pages       = {2281--2283},
    journal     = {Clinical Orthopaedics and Related Research}
}


@article{Leopold2019,
    title       = {Editorial: {C}linical Orthopaedics and Related Research},
    author      = {Leopold, S. S. and Haddad, F. S. and Sandell, L. J. and Swiontkowski, M.},
    number      = {1},
    volume      = {477},
    url         = {http://doi.org/10.1097/CORR.0000000000000565},
    doi         = {10.1097/CORR.0000000000000565},
    date        = {2019},
    pages       = {1--4},
    journal     = {The Bone \& Joint Journal, The Journal of Orthopaedic Research, and The Journal of Bone}
}


@article{undefined2018,
    title       = {Preprints: {F}acilitating early discovery, access, and feedback},
    author      = {Maggio, L. A., Artino Jr, A. R., \& Driessen, E. W.},
    volume      = {7},
    url         = {https://doi.org/10.1007/s40037-018-0451-8},
    doi         = {10.1007/s40037-018-0451-8},
    date        = {2018},
    pages       = {287--289},
    journal     = {Perspectives on Medical Education}
}


@article{Pradhan2020,
    title       = {Uncanny similarity of unique inserts in the 2019-nCoV spike protein to {HIV}-1 gp120 and Gag. bioRxiv},
    author      = {Pradhan, P. and Pandey, A. K. and Mishra, A. and Gupta, P. and Tripathi, P. K. and Menon, M. B. and Gomes, J. and Vivekanandan, P. and Kundu, B.},
    url         = {https://doi.org/10.1101/2020.01.30.927871},
    doi         = {10.1101/2020.01.30.927871},
    date        = {2020}
}


@article{Roberts2021,
    title       = {Common pitfalls and recommendations for using machine learning to detect and prognosticate for {COVID}-19 using chest radiographs and {CT} scans},
    author      = {Roberts, M. and Driggs, D. and Thorpe, M. and Gilbey, J. and Yeung, M. and Ursprung, S. and Aviles-Rivero, A. I. and Etmann, C. and McCague, C. and Beer, L. and Weir-McCall, J. R. and Teng, Z. and Gkrania-Klotsas, E. and AIX-COVNET, Rudd and F., J. H. and Sala, E. and Schönlieb, C. B.},
    volume      = {3},
    url         = {https://doi.org/10.1038/s42256-021-00307-0},
    doi         = {10.1038/s42256-021-00307-0},
    date        = {2021},
    pages       = {199--217},
    journal     = {Nature Machine Intelligence}
}


@article{Sheldon2018,
    title       = {Preprints could promote confusion and distortion},
    author      = {Sheldon, T.},
    volume      = {559, Article 445},
    url         = {https://doi.org/10.1038/d41586-018-05789-4},
    doi         = {10.1038/d41586-018-05789-4},
    date        = {2018-07-24},
    journal     = {Nature}
}


@article{Sun2020,
    title       = {First U.S. case of potentially deadly Chinese coronavirus confirmed in Washington state},
    author      = {Sun, L. H. and Bernstein, L.},
    url         = {https://www.washingtonpost.com/health/2020/01/21/coronavirus-us-case/},
    date        = {2020-01-21},
    journal     = {The Washington Post}
}


@article{Vogel2020,
    title       = {Antibody surveys suggesting vast undercount of coronavirus infections may be unreliable—Critics question accuracy of tests and media promotion before full results are published},
    author      = {Vogel, G.},
    url         = {https://www.science.org/content/article/antibody-surveys-suggesting-vast-undercount-coronavirus-infections-may-be-unreliable},
    date        = {2020-04-21},
    journal     = {Science}
}


@article{Wakeling2020,
    title       = {No comment'? A study of commenting on {PLOS} articles},
    author      = {Wakeling, S. and Willett, P. and Creaser, C. and Fry, J. and Pinfield, S. and Spezi, V. and Bonne, M. and Founti, C. and Medina Perea, I.},
    number      = {1},
    volume      = {46},
    url         = {https://doi.org/10.1177/0165551518819965},
    doi         = {10.1177/0165551518819965},
    date        = {2020},
    pages       = {82--100},
    journal     = {Journal of Information Science}
}


@article{West2021,
    title       = {Misinformation in and about science},
    author      = {West, J. D. and Bergstrom, C. T.},
    number      = {15},
    volume      = {118},
    url         = {https://doi.org/10.1073/pnas.1912444117},
    doi         = {10.1073/pnas.1912444117},
    date        = {2021},
    journal     = {Proceedings of the National Academy of Sciences}
}


@article{Zhu2020,
    title       = {A novel coronavirus from patients with pneumonia in China, 2019},
    author      = {Zhu, N. and Zhang, D. and Wang, W. and Li, X. and Yang, B. and Song, J. and Zhao, X. and Huang, B. and Shi, W. and Lu, R. and Niu, P. and Zhan, F. and Ma, X. and Wang, D. and Xu, W. and Wu, G. and Gao, G. F. and Tan, W.},
    number      = {8},
    volume      = {382},
    url         = {http://doi.org/10.1056/NEJMoa2001017},
    doi         = {10.1056/NEJMoa2001017},
    date        = {2020},
    pages       = {727--733},
    journal     = {New England Journal of Medicine}
}
