
@inproceedings{Abinzano2018,
  title = {9-13). {{Combining}} melt electrowriting of microfiber meshes with aggregated chondroprogenitor cells stimulated with {{BMP}}-9 to enhance cartilage tissue engineering [{{Conference}} presentation abstract]. {{Annual Meeting}}},
  author = {Abinzano, F. and family=Ruijter, given=M., prefix=de, useprefix=true and Mensinga, A. and Castilho, M. and Khan, I. and Levato, R. and Malda, J.},
  date = {2018-09},
  url = {https://pure.ulster.ac.uk/ws/portalfiles/portal/71294610/ESB_2018_Abstract_Proceedings_4.pdf},
  unknown = {of the European Society for Biomaterials, Maastricht, the Netherlands}
}

@article{Albrektsson2019,
  title = {Bone loss around oral and orthopedic implants: {{An}} immunologically based condition},
  author = {Albrektsson, T. and Becker, W. and Coli, P. and Jemt, T. and Molne, J. and Sennerby, L.},
  date = {2019},
  journaltitle = {Clinical Implant Dentistry and Related Research},
  volume = {21},
  pages = {786--795},
  doi = {10.1111/cid.12793},
  number = {4}
}

@article{Alvarez2007,
  title = {The effect of induced forelimb lameness on thoracolumbar kinematics during treadmill locomotion},
  author = {Alvarez, C.B.G. and Wennerstrand, J. and Bobbert, M.F. and Lamers, L. and Johnston, C. and Back, W. and Weeren, P.R.},
  date = {2007},
  journaltitle = {Equine Veterinary Journal},
  volume = {39},
  pages = {197--201},
  doi = {10.2746/042516407X173668},
  number = {3}
}

@article{Alvarez2008,
  title = {The effect of induced hindlimb lameness on thoracolumbar kinematics during treadmill locomotion},
  author = {Alvarez, C.B.G. and Bobbert, M.F. and Lamers, L. and Johnston, C. and Back, W. and family=Weeren, given=P.R., prefix=van, useprefix=true},
  date = {2008},
  journaltitle = {Equine Veterinary Journal},
  volume = {40},
  pages = {147--152},
  doi = {10.2746/042516408X250184},
  number = {2}
}

@article{Bal2010,
  title = {In vivo outcomes of tissue-engineered osteochondral grafts},
  author = {Bal, B.S. and Rahaman, M.N. and Jayabalan, P. and Kuroki, K. and Cockrell, M.K. and Yao, J.Q. and Cook, J.L.},
  date = {2010},
  journaltitle = {Journal of Biomedical Materials Research Part B: Applied Biomaterials},
  volume = {93},
  pages = {164--174},
  doi = {10.1002/jbm.b.31571},
  number = {1}
}

@article{Bothe2019,
  title = {Treatment of focal cartilage defects in minipigs with zonal chondrocyte/mesenchymal progenitor cell constructs},
  author = {Bothe, F. and Deubel, A.K. and Hesse, E. and Lotz, B. and Groll, J. and Werner, C. and Richter, W. and Hagmann, S.},
  date = {2019},
  journaltitle = {International Journal of Molecular Sciences},
  doi = {10.3390/ijms20030653}
}

@article{Boushell2017,
  title = {Current strategies for integrative cartilage repair},
  author = {Boushell, M.K. and Hung, C.T. and Hunziker, E.B. and Strauss, E.J. and Lu, H.H.},
  date = {2017},
  journaltitle = {Connect Tissue Research},
  volume = {58},
  pages = {393--406},
  doi = {10.1080/03008207.2016.1231180},
  number = {5}
}

@article{Bowland2015,
  title = {Review of the biomechanics and biotribology of osteochondral grafts used for surgical interventions in the knee},
  author = {Bowland, P. and Ingham, E. and Jennings, L. and Fisher, J.},
  date = {2015},
  journaltitle = {Proceedings of the Institution of Mechanical Engineers, Part H: Journal of Engineering in Medicine},
  volume = {229},
  pages = {879--888},
  doi = {10.1177/0954411915615470},
  number = {12}
}

@article{Buchner1995,
  title = {Bilateral lameness in horses a kinematic study},
  author = {Buchner, H.H.F. and Savelberg, H.H.C.M. and Schamhardt, H.C. and Barneveld, A.},
  date = {1995},
  journaltitle = {Veterinary Quarterly},
  volume = {17},
  pages = {103--105},
  doi = {10.1080/01652176.1995.9694543},
  number = {3}
}

@article{Crevier-Denoix2010,
  title = {Ground reaction force and kinematic analysis of limb loading on two different beach sand tracks in harness trotters},
  author = {Crevier-Denoix, N. and Robin, D. and Pourcelot, P. and Falala, S. and Holden, L. and Estoup, P. and Desquilbet, L. and Denoix, J.M. and Chateau, H.},
  date = {2010},
  journaltitle = {Equine Veterinary Journal},
  volume = {42},
  pages = {544--551},
  doi = {10.1111/j.2042-3306.2010.00202.x},
  number = {38}
}

@article{deRuijter2019,
  title = {Simultaneous micropatterning of fibrous meshes and bioinks for the fabrication of living tissue constructs},
  author = {family=Ruijter, given=M., prefix=de, useprefix=true and Ribeiro, A. and Dokter, I. and Castilho, M. and Malda, J.},
  date = {2019},
  journaltitle = {Advanced Healthcare Materials},
  volume = {8},
  pages = {1800418},
  doi = {10.1002/adhm.201800418},
  number = {7}
}

@article{Diekman2013,
  title = {Stem cell-based therapies for osteoarthritis: challenges and opportunities},
  author = {Diekman, B.O. and Guilak, F.},
  date = {2013},
  journaltitle = {Current Opinion in Rheumatology},
  volume = {25},
  pages = {119--126},
  doi = {10.1097/BOR.0b013e32835aa28d},
  number = {1}
}

@article{Diloksumpan2020,
  title = {Combining multi-scale {{3D}} printing technologies to engineer reinforced hydrogel-ceramic interfaces},
  author = {Diloksumpan, P. and family=Ruijter, given=M., prefix=de, useprefix=true and Castilho, M. and Gbureck, U. and Vermonden, T. and family=Weeren, given=P.R., prefix=van, useprefix=true and Malda, J. and Levato, R.},
  date = {2020},
  journaltitle = {Biofabrication, 12(2), Article},
  volume = {25014},
  doi = {10.1088/1758-5090/ab69d9}
}

@article{Diloksumpan2020a,
  title = {Orthotopic bone regeneration within {{3D}} printed bioceramic scaffolds with region-dependent porosity gradients in an equine model},
  author = {Diloksumpan, P. and Vindas Bolanos, R. and Cokelaere, S. and Pouran, B. and family=Grauw, given=J., prefix=de, useprefix=true and family=Rijen, given=M., prefix=van, useprefix=true and family=Weeren, given=R., prefix=van, useprefix=true and Levato, R. and Malda, J.},
  date = {2020},
  journaltitle = {Advanced Healthcare Mater},
  volume = {9},
  pages = {1901807},
  doi = {10.1002/adhm.201901807},
  number = {10}
}

@article{Doube2010,
  title = {{{BoneJ}}: {{Free}} and extensible bone image analysis in {{ImageJ}}},
  author = {Doube, M. and Klosowski, M.M. and Arganda-Carreras, I. and Cordelieres, F.P. and Dougherty, R.P. and Jackson, J.S. and Schmid, B. and Hutchinson, J.R. and Shefelbine, S.J.},
  date = {2010},
  journaltitle = {Bone},
  volume = {47},
  pages = {1076--1079},
  doi = {10.1016/j.bone.2010.08.023},
  number = {6}
}

@article{Frisbie2015,
  title = {Evaluation of articular cartilage progenitor cells for the repair of articular defects in an equine model},
  author = {Frisbie, D.D. and McCarthy, H.E. and Archer, C.W. and Barrett, M.F. and McIlwraith, C.W.},
  date = {2015},
  journaltitle = {Journal of Bone and Joint Surgery},
  volume = {97},
  pages = {484--493},
  doi = {10.2106/JBJS.N.00404},
  number = {6},
  unknown = {N.00404}
}

@article{Goodman2019,
  title = {Inflammation and bone repair: {{From}} particle disease to tissue regeneration},
  author = {Goodman, S.B. and Pajarinen, J. and Yao, Z. and Lin, T.},
  date = {2019},
  journaltitle = {Frontiers in Bioengineering and Biotechnology},
  volume = {7},
  pages = {230},
  doi = {10.3389/fbioe.2019.00230}
}

@article{Gotterbarm2008,
  title = {The minipig model for experimental chondral and osteochondral defect repair in tissue engineering: {{Retrospective}} analysis of 180 defects},
  author = {Gotterbarm, T. and Breusch, S.J. and Schneider, U. and Jung, M.},
  date = {2008},
  journaltitle = {Laboratory Animals},
  volume = {42},
  pages = {71--82},
  doi = {10.1258/la.2007.06029e},
  number = {1}
}

@article{Greve2017,
  title = {Alterations in thoracolumbosacral movement when pain causing lameness has been improved by diagnostic analgesia},
  author = {Greve, L. and Dyson, S. and Pfau, T.},
  date = {2017},
  journaltitle = {The Veterinary Journal},
  volume = {224},
  pages = {55--63},
  doi = {10.1016/j.tvjl.2017.03.009}
}

@article{Heuijerjans2018,
  title = {Osteochondral resurfacing implantation angle is more important than implant material stiffness},
  author = {Heuijerjans, A. and Wilson, W. and Ito, K. and family=Donkelaar, given=C.C., prefix=van, useprefix=true},
  date = {2018},
  journaltitle = {Journal of Orthopaedic Research},
  volume = {36},
  pages = {2911--2922},
  doi = {10.1002/jor.24101},
  number = {11}
}

@article{Huang2016,
  title = {Cell-based tissue engineering strategies used in the clinical repair of articular cartilage},
  author = {Huang, B.J. and Hu, J.C. and Athanasiou, K.A.},
  date = {2016},
  journaltitle = {Biomaterials},
  volume = {98},
  pages = {1--22},
  doi = {10.1016/j.biomaterials.2016.04.018}
}

@article{Johnstone2019,
  title = {Multi-disciplinary approaches for cell-based cartilage regeneration},
  author = {Johnstone, B. and Stoddart, M.J. and Im, G.I.},
  date = {2019},
  journaltitle = {Journal of Orthopaedic Research},
  volume = {38},
  pages = {463--472},
  doi = {10.1002/jor.24458},
  number = {3}
}

@article{Kloppenburg2020,
  title = {Osteoarthritis year in review 2019: epidemiology and therapy},
  author = {Kloppenburg, M. and Berenbaum, F.},
  date = {2020},
  journaltitle = {Osteoarthritis and Cartilage},
  shortjournal = {Osteoarthritis Cartilage},
  volume = {28},
  pages = {242--248},
  doi = {10.1016/j.joca.2020.01.002},
  number = {3}
}

@article{Kold1986,
  title = {An experimental study of the healing process of equine chondral and osteochondral defects},
  author = {Kold, S.E. and Hickman, J. and Melsen, F.},
  date = {1986},
  journaltitle = {Equine Veterinary Journal},
  volume = {18},
  pages = {18--24},
  doi = {10.1111/j.2042-3306.1986.tb03529.x},
  number = {1}
}

@article{Kwon2019,
  title = {Surgical and tissue engineering strategies for articular cartilage and meniscus repair},
  author = {Kwon, H. and Brown, W.E. and Lee, C.A. and Wang, D. and Paschos, N. and Hu, J.C. and Athanasiou, K.A.},
  date = {2019},
  journaltitle = {Nature Reviews Rheumatology},
  volume = {15},
  pages = {550--570},
  doi = {10.1038/s41584-019-0255-1},
  number = {9}
}

@article{Lee2014,
  title = {Clinical translation of stem cells: {{Insight}} for cartilage therapies},
  author = {Lee, J.K. and Responte, D.J. and Cissell, D.D. and Hu, J.C. and Nolta, J.A. and Athanasiou, K.A.},
  date = {2014},
  journaltitle = {Critical Reviews in Biotechnology},
  volume = {34},
  pages = {89--100},
  doi = {10.3109/07388551.2013.823596},
  number = {1}
}

@article{Levato2017,
  title = {The bio in the ink: {{Cartilage}} regeneration with bioprintable hydrogels and articular cartilage-derived progenitor cells},
  author = {Levato, R. and Webb, W.R. and Otto, I.A. and Mensinga, A. and Zhang, Y. and family=Rijen, given=M., prefix=van, useprefix=true and family=Weeren, given=R., prefix=van, useprefix=true and Khan, I.M. and Malda, J.},
  date = {2017},
  journaltitle = {Acta Biomaterialia},
  volume = {61},
  pages = {41--53},
  doi = {10.1016/j.actbio.2017.08.005}
}

@article{Malda2019,
  title = {Rethinking articular cartilage regeneration based on a 250-year-old statement},
  author = {Malda, J. and Groll, J. and family=Weeren, given=P.R., prefix=van, useprefix=true},
  date = {2019},
  journaltitle = {Nature Reviews Rheumatology},
  volume = {15},
  pages = {571--572},
  doi = {10.1038/s41584-019-0278-7},
  number = {10}
}

@article{Mancini2017,
  title = {Fixation of hydrogel constructs for cartilage repair in the equine model: {{A}} challenging issue},
  author = {Mancini, I.A.D. and Vindas Bolanos, R.A. and Brommer, H. and Castilho, M. and Ribeiro, A. and family=Loon, given=J.P.A.M., prefix=van, useprefix=true and Mensinga, A. and family=Rijen, given=M.H.P., prefix=van, useprefix=true and Malda, J. and family=Weeren, given=R., prefix=van, useprefix=true},
  date = {2017},
  journaltitle = {Tissue Engineering Part C Methods},
  volume = {23},
  pages = {804--814},
  doi = {10.1089/ten.tec.2017.0200},
  number = {11},
  unknown = {TEC.2017.0200}
}

@article{Martin2007,
  title = {Osteochondral tissue engineering},
  author = {Martin, I. and Miot, S. and Barbero, A. and Jakob, M. and Wendt, D.},
  date = {2007},
  journaltitle = {Journal of Biomechanics},
  volume = {40},
  pages = {750--765},
  doi = {10.1016/j.jbiomech.2006.03.008},
  number = {4}
}

@article{McCarthy2012,
  title = {The comparison of equine articular cartilage progenitor cells and bone marrow-derived stromal cells as potential cell sources for cartilage repair in the horse},
  author = {McCarthy, H.E. and Bara, J.J. and Brakspear, K. and Singhrao, S.K. and Archer, C.W.},
  date = {2012},
  journaltitle = {The Veterinary Journal},
  volume = {192},
  pages = {345--351},
  doi = {10.1016/j.tvjl.2011.08.036},
  number = {3}
}

@article{Morgan2020,
  title = {Bone morphogenetic protein-9 is a potent chondrogenic and morphogenic factor for articular cartilage chondroprogenitors},
  author = {Morgan, B.J. and Bauza-Mayol, G. and Gardner, O.F.W. and Zhang, Y. and Levato, R. and Archer, C.W. and family=Weeren, given=R., prefix=van, useprefix=true and Malda, J. and Conlan, R.S. and Khan, I.M.},
  date = {2020},
  journaltitle = {Stem Cells and Development},
  volume = {29},
  pages = {882--894},
  doi = {10.1089/scd.2019.0209},
  number = {14}
}

@article{Nosewicz2014,
  title = {Influence of basal support and early loading on bone cartilage healing in press-fitted osteochondral autografts},
  author = {Nosewicz, T.L. and Reilingh, M.L. and Wolny, M. and family=Dijk, given=C.N., prefix=van, useprefix=true and Duda, G.N. and Schell, H.},
  date = {2014},
  journaltitle = {Knee Surgery, Sports Traumatology, Arthroscopy},
  volume = {22},
  pages = {1445--1451},
  doi = {10.1007/s00167-013-2453-8},
  number = {6}
}

@article{Oryan2014,
  title = {Bone regenerative medicine: classic options, novel strategies, and future directions},
  author = {Oryan, A. and Alidadi, S. and Moshiri, A. and Maffulli, N.},
  date = {2014},
  journaltitle = {Journal of Orthopaedic Surgery and Research, 9(1)},
  volume = {Article},
  pages = {18},
  doi = {10.1186/1749-799X-9-18}
}

@article{Patel2019,
  title = {Bioactive factors for cartilage repair and regeneration: {{Improving}} delivery, retention, and activity},
  author = {Patel, J.M. and Saleh, K.S. and Burdick, J.A. and Mauck, R.L.},
  date = {2019},
  journaltitle = {Acta Biomateralia},
  volume = {93},
  pages = {222--238},
  doi = {10.1016/j.actbio.2019.01.061}
}

@article{Schindelin2012,
  title = {Fiji: an open-source platform for biological-image analysis},
  author = {Schindelin, J. and Arganda-Carreras, I. and Frise, E. and Kaynig, V. and Longair, M. and Pietzsch, T. and Preibisch, S. and Rueden, C. and Saalfeld, S. and Schmid, B. and Tinevez, J. and White, D.J. and Hartenstein, V. and Eliceiri, K. and Tomancak, P. and Cardona, A.},
  date = {2012},
  journaltitle = {Nature Methods},
  volume = {9},
  pages = {676--682},
  doi = {10.1038/nmeth.2019},
  number = {7}
}

@article{Schlichting2008,
  title = {Influence of scaffold stiffness on subchondral bone and subsequent cartilage regeneration in an ovine model of osteochondral defect healing},
  author = {Schlichting, K. and Schell, H. and Kleemann, R.U. and Schill, A. and Weiler, A. and Duda, G.N. and Epari, D.R.},
  date = {2008},
  journaltitle = {American Journal of Sports Medicine},
  volume = {36},
  pages = {2379--2391},
  doi = {10.1177/0363546508322899},
  number = {12}
}

@article{SerraBraganca2018,
  title = {On the brink of daily clinical application of objective gait analysis: {{What}} evidence do we have so far from studies using an induced lameness model?},
  author = {Serra Bragan\c{c}a, F.M. and Rhodin, M. and family=Weeren, given=P.R., prefix=van, useprefix=true},
  date = {2018},
  journaltitle = {Veterinary Journal},
  volume = {234},
  pages = {11--23},
  doi = {10.1016/j.tvjl.2018.01.006}
}

@article{vanSusante1998,
  title = {Chondrocyte-seeded hydroxyapatite for repair of large articular cartilage defects. {{A}} pilot study in the goat},
  author = {family=Susante, given=J.L., prefix=van, useprefix=true and Buma, P. and Homminga, G.N. and family=Berg, given=W.B., prefix=van den, useprefix=true and Veth, R.P.},
  date = {1998},
  journaltitle = {Biomaterials},
  volume = {19},
  pages = {2367--2374},
  doi = {10.1016/S0142-9612(98)00158-6},
  number = {24}
}

@article{VindasBolanos2017,
  title = {The use of a cartilage decellularized matrix scaffold for the repair of osteochondral defects: {{The}} importance of long-term studies in a large animal model},
  author = {Vindas Bola\~nos, R.A. and Cokelaere, S.M. and Estrada McDermott, J.M. and Benders, K.E.M. and Gbureck, U. and Plomp, S.G.M. and Weinans, H. and Groll, J. and family=Weeren, given=P.R., prefix=van, useprefix=true and Malda, J.},
  date = {2017},
  journaltitle = {Osteoarthritis and Cartilage},
  volume = {25},
  pages = {413--420},
  doi = {10.1016/j.joca.2016.08.005},
  number = {3}
}

@article{VindasBolanos2020,
  title = {Long-term in vivo performance of low-temperature {{3D}}-printed bioceramics in an equine model},
  author = {Vindas Bola\~nos, R.A. and Castilho, M. and family=Grauw, given=J., prefix=de, useprefix=true and Cokelaere, S. and Plomp, S. and Groll, J. and family=Weeren, given=P.R., prefix=van, useprefix=true and Gbureck, U. and Malda, J.},
  date = {2020},
  journaltitle = {ACS Biomaterials Science \& Engineering},
  volume = {6},
  pages = {1681--1689},
  doi = {10.1021/acsbiomaterials.9b01819},
  number = {3}
}

@article{vonRechenberg2003,
  title = {Changes in subchondral bone in cartilage resurfacing\textemdash an experimental study in sheep using different types of osteochondral grafts},
  author = {family=Rechenberg, given=B., prefix=von, useprefix=true and Akens, M.K. and Nadler, D. and Bittmann, P. and Zlinszky, K. and Kutter, A. and Poole, A.R. and Auer, J.A.},
  date = {2003},
  journaltitle = {Osteoarthritis and Cartilage},
  volume = {11},
  pages = {265--277},
  doi = {10.1016/S1063-4584(03)00006-2},
  number = {4}
}

@article{Williams2010,
  title = {Identification and clonal characterisation of a progenitor cell sub-population in normal human articular cartilage},
  author = {Williams, R. and Khan, I.M. and Richardson, K. and Nelson, L. and McCarthy, H.E. and Analbelsi, T. and Singhrao, S.K. and Dowthwaite, G.P. and Jones, R.E. and Baird, D.M. and Lewis, H. and Roberts, S. and Shaw, H.M. and Dudhia, J. and Fairclough, J. and Briggs, T. and Archer, C.W.},
  date = {2010},
  journaltitle = {PLoS One, 5(10), Article},
  volume = {13246},
  doi = {10.1371/journal.pone.0013246}
}


