
@article{ArtinoR.A.Jr2016,
  title = {The Unsuccessful Treatment of a Case of ‘{{Writer}}’s {{Block}}’: A Replication in Medical Education},
  author = {{Artino, R. A. Jr}},
  date = {2016},
  journaltitle = {Medical Education},
  volume = {50},
  number = {12},
  pages = {1262--1263},
  doi = {10/gnkd3q},
  keywords = {⚠️ Invalid DOI}
}

@article{Hermann1984,
  title = {Unsuccessful Self-Treatment of a Case of "{{Writer}}'s {{Block}}": A Partial Failure to Replicate},
  author = {Hermann, P. B.},
  date = {1984},
  journaltitle = {Perceptual and Motor Skills},
  volume = {58},
  number = {2},
  pages = {350--350},
  doi = {10.2466/pms.1984.58.2.350}
}

@article{Makel2014,
  title = {Facts Are More Important than Novelty: Replication in the Education Sciences},
  author = {Makel, C. M. and Plucker, A. J.},
  date = {2014},
  journaltitle = {Educational Researcher},
  volume = {43},
  number = {6},
  pages = {304--316},
  doi = {10.3102/0013189x14545513}
}

@article{Molloy1983,
  title = {The Unsuccessful Self-Treatment of a Case of "{{Writer}}'s {{Block}}": A Replication},
  author = {Molloy, G. N.},
  date = {1983},
  journaltitle = {Perceptual and Motor Skills},
  volume = {57},
  number = {2},
  pages = {566--566},
  doi = {10.2466/pms.1983.57.2.566}
}

@article{Upper1974,
  title = {The Unsuccessful Self-Treatment of a Case of “writer’s Block},
  author = {Upper, D.},
  date = {1974},
  journaltitle = {Journal of Applied Behavior Analysis},
  volume = {7},
  number = {3},
  pages = {497},
  doi = {10.1901/jaba.1974.7-497a}
}


