%% LaTeX2e file `bibliography.bib'
%% generated by the `filecontents' environment
%% from source `main' on 2024/07/26.
%%
 @article{bib0
}
