%% LaTeX2e file `bibliography.bib'
%% generated by the `filecontents' environment
%% from source `main' on 2024/09/18.
%%
 @article{Barwich2019,
    title       = {The value of failure in science: {T}he story of grandmother cells in neuroscience},
    author      = {Barwich, A. D. D. I. N. ZOTERO\_BIBL {"uncited",],"omitted",],"custom",]} CSL\_BIBLIOGRAPHY and {A.-S.}},
    volume      = {13},
    url         = {https://doi.org/10.3389/fnins.2019.01121},
    doi         = {10.3389/fnins.2019.01121},
    date        = {2019},
    pages       = {1121},
    journal     = {Frontiers in Neuroscience}
}


@book{Boden2004,
    title       = {The creative mind: {M}yths and mechanisms},
    author      = {Boden, M. A.},
    publisher   = {Routledge},
    date        = {2004}
}


@article{Byrne2023,
    title       = {How people think about possibilities},
    author      = {Byrne, R.},
    number      = {1},
    volume      = {1},
    date        = {2023},
    journal     = {Possibility Studies \& Society}
}


@article{Copeland2018,
    title       = {Fleming leapt on the unusual like a weasel on a vole”: {C}hallenging the paradigms of discovery in science},
    author      = {Copeland, S. M.},
    number      = {6},
    volume      = {26},
    url         = {https://doi.org/10.1162/posc\_a\_00294},
    doi         = {10.1162/posc\_a\_00294},
    date        = {2018},
    pages       = {694--721},
    journal     = {Perspectives on Science}
}


@article{Copeland2019,
    title       = {On serendipity in science: {D}iscovery at the intersection of chance and wisdom},
    author      = {Copeland, S. M.},
    volume      = {196},
    url         = {https://doi.org/10.1007/s11229-017-1544-3},
    doi         = {10.1007/s11229-017-1544-3},
    date        = {2019},
    pages       = {2385--2406},
    journal     = {Synthese}
}


@book{Firestein2012,
    title       = {Ignorance: {H}ow it drives science},
    author      = {Firestein, S.},
    publisher   = {Oxford University Press},
    date        = {2012}
}


@article{Fischhoff2003,
    title       = {Hindsight ≠ foresight: {T}he effect of outcome knowledge on judgment under uncertainty},
    author      = {Fischhoff, B. and {U}},
    number      = {4},
    volume      = {12},
    url         = {http://dx.doi.org/10.1136/qhc.12.4.304Frith,},
    doi         = {10.1136/qhc.12.4.304Frith},
    date        = {2003},
    pages       = {304--311},
    journal     = {BMJ Quality \& Safety}
}


@article{Hoffrage2003,
    title       = {Research on hindsight bias: {A} rich past, a productive present, and a challenging future},
    author      = {Hoffrage, U. and Pohl, R.},
    number      = {4-5},
    volume      = {11},
    url         = {https://doi.org/10.1080/09658210344000080},
    doi         = {10.1080/09658210344000080},
    date        = {2003},
    pages       = {329--335},
    journal     = {Memory}
}


@article{Loewenstein2019,
    title       = {Surprise, Recipes for Surprise, and Social Influence},
    author      = {Loewenstein, J.},
    number      = {1},
    volume      = {11},
    url         = {https://doi.org/10.1111/tops.12312},
    doi         = {10.1111/tops.12312},
    date        = {2019},
    pages       = {178--193},
    journal     = {Topics in Cognitive Science}
}


@article{Makri2012,
    title       = {Coming across information serendipitously -- Part 1: {A} process model},
    author      = {Makri, S. and Blandford, A.},
    volume      = {68},
    url         = {https://doi.org/10.1108/00220411211256030},
    doi         = {10.1108/00220411211256030},
    date        = {2012},
    pages       = {684--705},
    journal     = {Journal of Documentation}
}


@article{McCulloch2021,
    title       = {Serendipity in doctoral education: {T}he importance of chance and the prepared mind in the PhD},
    author      = {McCulloch, A.},
    url         = {https://doi.org/10.1080/0309877X.2021.1905157},
    doi         = {10.1080/0309877X.2021.1905157},
    date        = {2021},
    pages       = {1--14},
    journal     = {Journal of Further and Higher Education}
}


@article{Ormerod2023,
    title       = {Possible, yes, but useful? Why the search for possibilities is limited but can be enhanced by expertise},
    author      = {Ormerod, T. C.},
    number      = {1},
    volume      = {1},
    date        = {2023},
    journal     = {Possibility Studies \& Society}
}


@inbook{Ross2022,
    title       = {Heteroscalar serendipity and the importance of accidents},
    author      = {Ross, W.},
    editor      = {Ross, W. and Copeland, S.},
    publisher   = {Palgrave MacMillan},
    date        = {2022},
    pages       = {75--99},
    booktitle     = {The Art of Serendipity}
}


@article{Ross2023,
    title       = {The possibilities of disruption: {S}erendipity, accidents and impasse driven search},
    author      = {Ross, W.},
    volume      = {275386992311736},
    url         = {https://doi.org/10.1177/27538699231173625},
    doi         = {10.1177/27538699231173625},
    date        = {2023},
    journal     = {Possibility Studies \& Society}
}


@article{Willems2022,
    title       = {Tales of the unexpected: {D}esigning for serendipity in research},
    author      = {Willems, L. and Wade, E. and Herbert, R. and Plume, A.},
    url         = {https://doi.org/10.2139/ssrn.4048549},
    doi         = {10.2139/ssrn.4048549},
    date        = {2022},
    journal     = {SSRN Electronic Journal}
}
