%% LaTeX2e file `bibliography.bib'
%% generated by the `filecontents' environment
%% from source `main' on 2023/10/26.
%%
 @book{Austin2008,
    title       = {The theory and practice of vocal psychotherapy: {S}ongs of the self},
    author      = {Austin, D.},
    publisher   = {Jessica Kingsley Publishers},
    date        = {2008}
}


@inbook{Harris2022,
    title       = {Mistakes and relational enactments},
    author      = {Harris, B. T.},
    editor      = {Gilboa, A. and Hakvoort, L.},
    publisher   = {ArtEZ Press},
    date        = {2022},
    pages       = {87--93},
    booktitle     = {Breaking strings: explorations of mistakes in music therapy}
}


@book{Johnson1991,
    title       = {Owning your own shadow},
    author      = {Johnson, R. A.},
    publisher   = {HarperCollins Publishers},
    date        = {1991}
}


@article{Miller1997,
    title       = {The drama of the gifted child: {T}he search for the true self},
    author      = {Miller, A.},
    place       = {Basis Books},
    date        = {1997}
}


@book{Ogden1989,
    title       = {The primitive edge of experience},
    author      = {Ogden, T. H.},
    publisher   = {Jason Aronson Inc},
    date        = {1989}
}
