
@report{ActionAgainstHungerSpain2018,
  title = {Moringa Oleifera efficacy as handwashing product in {{Ghana}}. {{Elhra}}},
  author = {{Action Against Hunger Spain}},
  date = {2018},
  institution = {{Action Against Hunger Spain}},
  url = {https://www.elrha.org/project-blog/moringa-oleifera-efficacy-handwashing-product-ghana/}
}

@article{Ali2013,
  title = {Tackling the ‘flying toilets’ of {{Kibera}}.},
  author = {Ali, L.},
  date = {2013-01-22},
  journaltitle = {Aljazeera},
  url = {https://www.aljazeera.com/features/2013/1/22/tackling-the-flying-toilets-of-kibera},
  keywords = {⛔ No DOI found}
}

@article{Barrington2017,
  title = {Sanitation marketing: {{A}} systematic review and theoretical critique using the capability approach},
  author = {D. J. Barrington and Sridharan, S. and Shields, K. F. and Saunders, S. G. and Souter, R. T. and Bartram, J.},
  date = {2017},
  journaltitle = {Social Science \& Medicine},
  volume = {194},
  pages = {128--134},
  doi = {10.1016/j.socscimed.2017.10.021}
}

@incollection{Bhanoo2011,
  title = {The {{PeePoo}}, a biodegradable toilet for the developing world},
  author = {Bhanoo, S. N.},
  date = {2011-09-26},
  url = {https://www.nytimes.com/2011/09/27/health/27toilet.html},
}

@thesis{Borland2011,
  title = {Radical plumbers and {{PlayPumps}} — Objects in Development},
  author = {Borland, R.},
  date = {2011},
  institution = {{Trinity College}},
  location = {{Dublin}},
  url = {https://hdl.handle.net/2262/89797},
  type = {PhD Thesis}
}

@article{Chambers2009,
  title = {Africa’s not-so-magic roundabout},
  author = {Chambers, A.},
  date = {2009-11-24},
  journaltitle = {The Guardian},
  url = {https://www.theguardian.com/commentisfree/2009/nov/24/africa-charity-water-pumps-roundabouts},
}

@article{Chatterjee2011,
  title = {Time to acknowledge the dirty truth behind community-led sanitation},
  author = {Chatterjee, L.},
  date = {2011-06-09},
  journaltitle = {The Guardian},
  url = {https://www.theguardian.com/global-development/poverty-matters/2011/jun/09/dirty-truth-behind-community-sanitation},
}

@article{Devine2009,
  title = {Introducing {{SaniFOAM}}: {{A}} framework to analyze sanitation behaviors to design effective sanitation programs.},
  author = {Devine, J.},
  date = {2009},
  journaltitle = {Water and Sanitation Program},
  url = {https://www.wsp.org/sites/wsp/files/publications/GSP_sanifoam.pdf},
  keywords = {⛔ No DOI found}
}

@article{Fihlani2018,
  title = {South {{Africa}}’s school pit latrine scandal: {{Why}} children are drowning},
  author = {Fihlani, P.},
  date = {2018-06-03},
  journaltitle = {BBC News},
  url = {https://www.bbc.com/news/world-africa-44329712},
}

@article{Goldacre2016,
  title = {{{OpenTrials}}: Towards a collaborative open database of all available information on all clinical trials},
  author = {Goldacre, B. and Gray, J.},
  date = {2016},
  journaltitle = {Trials},
  volume = {17},
  pages = {1--12},
  url = {https://doi.org/10.1186/s13063-016-1290-8},
  keywords = {⛔ No DOI found},
  number = {164}
}

@book{Palmer1840,
  title = {The teacher’s manual: {{Being}} an exposition of an efficient and economical system of education, suited to the wants of a free people},
  author = {Palmer, T. H.},
  date = {1840},
  publisher = {{Lyon and Webb}},
  location = {{Marsh, Capen}}
}

@article{Patel2011,
  title = {Excreta disposal in emergencies: {{Bags}} and {{Peepoo}} trials with internally displaced People in {{Port}}-Au-{{Prince}}},
  author = {Patel, D. and Brooks, N. and Bastable, A.},
  date = {2011},
  journaltitle = {Waterlines},
  volume = {30},
  pages = {61--77},
  doi = {10.3362/1756-3488.2011.006},
  number = {1}
}

@article{Vinnerås2009,
  title = {Peepoo bag: Self-sanitising single use biodegradable toilet.},
  author = {Vinnerås, B. and Hedenkvist, M. and Nordin, A. and Wilhelmson, A.},
  date = {2009},
  journaltitle = {Water Science and Technology},
  volume = {59},
  pages = {1743--1749},
  doi = {10.2166/wst.2009.184},
  number = {9}
}


