%% LaTeX2e file `bibliography.bib'
%% generated by the `filecontents' environment
%% from source `main' on 2025/09/15.
%%
 @article{Ahmadian2024,
    title       = {Different storage and freezing protocols for extracellular vesicles: {A} systematic review},
    author      = {Ahmadian, A. D. D. I. N. E. N. R. E. F. L. I. S. T. and S., Jafari and N., Tamadon and A., Ghaffarzadeh and A., Rahbarghazi and R. and Mahdipour, M.},
    number      = {1},
    volume      = {15},
    url         = {https://doi.org/10.1186/s13287-024-04005-7},
    doi         = {10.1186/s13287-024-04005-7},
    date        = {2024},
    pages       = {453},
    journal     = {Stem Cell Research \& Therapy}
}


@article{Altin1997,
    title       = {The role of {CD45} and {CD45}-associated molecules in T cell activation},
    author      = {Altin, J. G. and Sloan, E. K.},
    number      = {5},
    volume      = {75},
    url         = {https://doi.org/10.1038/icb.1997.68},
    doi         = {10.1038/icb.1997.68},
    date        = {1997},
    pages       = {430--445},
    journal     = {Immunology \& Cell Biology}
}


@article{Andrews2016,
    title       = {Mechanical injury induces brain endothelial-derived microvesicle release: {I}mplications for cerebral vascular injury during traumatic brain injury},
    author      = {Andrews, A. M. and Lutton, E. M. and Merkel, S. F. and Razmpour, R. and Ramirez, S. H.},
    volume      = {10, Article 43},
    url         = {https://doi.org/10.3389/fncel.2016.00043},
    doi         = {10.3389/fncel.2016.00043},
    date        = {2016},
    journal     = {Frontiers in Cellular Neuroscience}
}


@article{Bettio2023,
    title       = {Extracellular vesicles from human plasma for biomarkers discovery: {I}mpact of anticoagulants and isolation techniques},
    author      = {Bettio, V. and Mazzucco, E. and Antona, A. and Cracas, S. and Varalda, M. and Venetucci, J. and Bruno, S. and Chiabotto, G. and Venegoni, C. and Vasile, A. and Chiocchetti, A. and Quaglia, M. and Camussi, G. and Cantaluppi, V. and Panella, M. and Rolla, R. and Manfredi, M. and Capello, D.},
    number      = {5},
    volume      = {18},
    url         = {https://doi.org/10.1371/journal.pone.0285440},
    doi         = {10.1371/journal.pone.0285440},
    date        = {2023},
    journal     = {PloS One}
}


@article{Brocco2022,
    title       = {High blood concentration of leukocyte-derived extracellular vesicles is predictive of favorable clinical outcomes in patients with pancreatic cancer: {R}esults from a multicenter prospective study},
    author      = {Brocco, D. and De Bellis, D. and Di Marino, P. and Simeone, P. and Grassadonia, A. and De Tursi, M. and Grottola, T. and Di Mola, F. F. and Di Gregorio, P. and Zappacosta, B. and Angelone, A. and Lellis, L. and Veschi, S. and Florio, R. and De Fabritiis, S. and Verginelli, F. and Marchisio, M. and Caporale, M. and Luisi, D. and Lanuti, P.},
    number      = {19},
    volume      = {14},
    url         = {https://doi.org/10.3390/cancers14194748},
    doi         = {10.3390/cancers14194748},
    date        = {2022},
    journal     = {Cancers}
}


@article{Buntsma2022,
    title       = {{EDTA} stabilizes the concentration of platelet-derived extracellular vesicles during blood collection and handling},
    author      = {Buntsma, N. C. and Gasecka, A. and Roos, Y. and van Leeuwen, T. G. and van der Pol, E. and Nieuwland, R.},
    number      = {5},
    volume      = {33},
    url         = {https://doi.org/10.1080/09537104.2021.1991569},
    doi         = {10.1080/09537104.2021.1991569},
    date        = {2022},
    pages       = {764--771},
    journal     = {Platelets}
}


@article{Chen2021,
    title       = {Prognostic plasma exosomal micro{RNA} biomarkers in patients with substance use disorders presenting comorbid with anxiety and depression},
    author      = {Chen, F. and Zou, L. and Dai, Y. and Sun, J. and Chen, C. and Zhang, Y. and Peng, Q. and Zhang, Z. and Xie, Z. and Wu, H. and Tian, W. and Yu, X. and Yu, J. and Wang, K.},
    number      = {1},
    volume      = {11},
    url         = {https://doi.org/10.1038/s41598-021-84501-5},
    doi         = {10.1038/s41598-021-84501-5},
    date        = {2021},
    journal     = {Scientific Reports}
}


@article{Driedonks2022,
    title       = {Pharmacokinetics and biodistribution of extracellular vesicles administered intravenously and intranasally to Macaca nemestrina},
    author      = {Driedonks, T. and Jiang, L. and Carlson, B. and Han, Z. and Liu, G. and Queen, S. E. and Shirk, E. N. and Gololobova, O. and Liao, Z. and Nyberg, L. H. and Lima, G. and Paniushkina, L. and Garcia-Contreras, M. and Schonvisky, K. and Castell, N. and Stover, M. and Guerrero-Martin, S. and Richardson, R. and Smith, B. and Witwer, K. W.},
    number      = {10},
    volume      = {1},
    url         = {https://doi.org/https://doi.org/10.1002/jex2.59},
    doi         = {10.1002/jex2.59},
    date        = {2022},
    journal     = {Journal of Extracellular Biology}
}


@article{Gatto2023,
    title       = {Initial recommendations for performing, benchmarking and reporting single-cell proteomics experiments},
    author      = {Gatto, L. and Aebersold, R. and Cox, J. and Demichev, V. and Derks, J. and Emmott, E. and Franks, A. M. and Ivanov, A. R. and Kelly, R. T. and Khoury, L. and Leduc, A. and MacCoss, M. J. and Nemes, P. and Perlman, D. H. and Petelski, A. A. and Rose, C. M. and Schoof, E. M. and Van Eyk, J. and Vanderaa, C. and Slavov, N.},
    number      = {3},
    volume      = {20},
    url         = {https://doi.org/10.1038/s41592-023-01785-3},
    doi         = {10.1038/s41592-023-01785-3},
    date        = {2023},
    pages       = {375--386},
    journal     = {Nature Methods}
}


@article{Goetzl2021,
    title       = {Abnormal levels of mitochondrial proteins in plasma neuronal extracellular vesicles in major depressive disorder},
    author      = {Goetzl, E. J. and Wolkowitz, O. M. and Srihari, V. H. and Reus, V. I. and Goetzl, L. and Kapogiannis, D. and Heninger, G. R. and Mellon, S. H.},
    number      = {12},
    volume      = {26},
    url         = {https://doi.org/10.1038/s41380-021-01268-x},
    doi         = {10.1038/s41380-021-01268-x},
    date        = {2021},
    pages       = {7355--7362},
    journal     = {Molecular Psychiatry}
}


@article{Gomes2022,
    title       = {{L1CAM}-associated extracellular vesicles: {A} systematic review of nomenclature, sources, separation, and characterization},
    author      = {Gomes, D. E. and Witwer, K. W.},
    number      = {3},
    volume      = {1},
    url         = {https://doi.org/10.1002/jex2.35},
    doi         = {10.1002/jex2.35},
    date        = {2022},
    journal     = {Journal of Extracellular Biology}
}


@book{Guy1976,
    title       = {{ECDEU} Assessment Manual for Psychopharmacology},
    author      = {Guy, W.},
    publisher   = {National Institute of Mental Health (U.S},
    date        = {1976}
}


@article{Heddini2001,
    title       = {Binding of Plasmodium falciparum-infected erythrocytes to soluble platelet endothelial cell adhesion molecule-1 ({PECAM}-1/{CD31}): {F}requent recognition by clinical isolates},
    author      = {Heddini, A. and Chen, Q. and Obiero, J. and Kai, O. and Fernandez, V. and Marsh, K. and Muller, W. A. and Wahlgren, M.},
    number      = {1},
    volume      = {65},
    url         = {http://doi.org/10.4269/ajtmh.2001.65.47},
    doi         = {10.4269/ajtmh.2001.65.47},
    date        = {2001},
    pages       = {47--51},
    journal     = {American Journal of Tropical Medicine and Hygiene}
}


@article{Hussar2002,
    title       = {The glucose transporter {GLUT1} and the tight junction protein occludin in nasal olfactory mucosa},
    author      = {Hussar, P. and Tserentsoodol, N. and Koyama, H. and Yokoo-Sugawara, M. and Matsuzaki, T. and Takami, S. and Takata, K. and J., Greene and C. and Campbell, M.},
    number      = {1},
    volume      = {27},
    url         = {http://doi.org/10.1093/chemse/27.1.7Kealy,},
    doi         = {10.1093/chemse/27.1.7Kealy},
    date        = {2002},
    pages       = {7--11},
    journal     = {Chemical Senses}
}


@article{Kurachi2016,
    title       = {Extracellular vesicles from vascular endothelial cells promote survival, proliferation and motility of oligodendrocyte precursor cells},
    author      = {Kurachi, M. and Mikuni, M. and Ishizaki, Y.},
    number      = {7},
    volume      = {11},
    url         = {https://doi.org/10.1371/journal.pone.0159158},
    doi         = {10.1371/journal.pone.0159158},
    date        = {2016},
    journal     = {PloS One}
}


@article{Lee2021,
    title       = {Peripheral inflammatory biomarkers define biotypes of bipolar depression},
    author      = {Lee, Y. and Mansur, R. B. and Brietzke, E. and Kapogiannis, D. and Delgado-Peraza, F. and Boutilier, J. J. and Chan, T. C. Y. and Carmona, N. E. and Rosenblat, J. D. and Lee, J. and Maletic, V. and Vinberg, M. and Suppes, T. and Goldstein, B. I. and Ravindran, A. V. and Taylor, V. H. and Chawla, S. and Nogueras-Ortiz, C. and Cosgrove, V. E. and McIntyre, R. S.},
    number      = {7},
    volume      = {26},
    url         = {https://doi.org/10.1038/s41380-021-01051-y},
    doi         = {10.1038/s41380-021-01051-y},
    date        = {2021},
    pages       = {3395--3406},
    journal     = {Molecular Psychiatry}
}


@article{Li2020,
    title       = {{EV}-origin: {E}numerating the tissue-cellular origin of circulating extracellular vesicles using ex{LR} profile},
    author      = {Li, Y. and He, X. and Li, Q. and Lai, H. and Zhang, H. and Hu, Z. and Li, Y. and Huang, S.},
    volume      = {18},
    url         = {https://doi.org/10.1016/j.csbj.2020.10.002},
    doi         = {10.1016/j.csbj.2020.10.002},
    date        = {2020},
    pages       = {2851--2859},
    journal     = {Computational and Structural Biotechnology Journal}
}


@article{Liu2024,
    title       = {Dysregulation of ion channels and transporters and blood-brain barrier dysfunction in Alzheimer's disease and vascular dementia},
    author      = {Liu, R. and Collier, J. M. and Abdul-Rahman, N. H. and Capuk, O. and Zhang, Z. and Begum, G.},
    number      = {4},
    volume      = {15},
    url         = {https://doi.org/10.14336/ad.2023.1201},
    doi         = {10.14336/ad.2023.1201},
    date        = {2024},
    pages       = {1748--1770},
    journal     = {Aging and Disease}
}


@article{Mansur2021,
    title       = {Exploring brain insulin resistance in adults with bipolar depression using extracellular vesicles of neuronal origin},
    author      = {Mansur, R. B. and Delgado-Peraza, F. and Subramaniapillai, M. and Lee, Y. and Iacobucci, M. and Nasri, F. and Rodrigues, N. and Rosenblat, J. D. and Brietzke, E. and Cosgrove, V. E. and Kramer, N. E. and Suppes, T. and Raison, C. L. and Fagiolini, A. and Rasgon, N. and Chawla, S. and Nogueras-Ortiz, C. and Kapogiannis, D. and McIntyre, R. S.},
    volume      = {133},
    url         = {https://doi.org/10.1016/j.jpsychires.2020.12.007},
    doi         = {10.1016/j.jpsychires.2020.12.007},
    date        = {2021},
    pages       = {82--92},
    journal     = {Journal of Psychiatric Research}
}


@article{Mansur2020,
    title       = {Extracellular vesicle biomarkers reveal inhibition of neuroinflammation by infliximab in association with antidepressant response in adults with bipolar depression},
    author      = {Mansur, R. B. and Delgado-Peraza, F. and Subramaniapillai, M. and Lee, Y. and Iacobucci, M. and Rodrigues, N. and Rosenblat, J. D. and Brietzke, E. and Cosgrove, V. E. and Kramer, N. E. and Suppes, T. and Raison, C. L. and Chawla, S. and Nogueras-Ortiz, C. and McIntyre, R. S. and Kapogiannis, D.},
    number      = {4},
    volume      = {9},
    url         = {https://doi.org/10.3390/cells9040895},
    doi         = {10.3390/cells9040895},
    date        = {2020},
    journal     = {Cells}
}


@article{Maratou2007,
    title       = {Glucose transporter expression on the plasma membrane of resting and activated white blood cells},
    author      = {Maratou, E. and Dimitriadis, G. and Kollias, A. and Boutati, E. and Lambadiari, V. and Mitrou, P. and Raptis, S. A.},
    number      = {4},
    volume      = {37},
    url         = {https://doi.org/10.1111/j.1365-2362.2007.01786.x},
    doi         = {10.1111/j.1365-2362.2007.01786.x},
    date        = {2007},
    pages       = {282--290},
    journal     = {European Journal of Clinical Investigation}
}


@article{McCutcheon2020,
    title       = {Dopamine and glutamate in schizophrenia: {B}iology, symptoms and treatment},
    author      = {McCutcheon, R. A. and Krystal, J. H. and Howes, O. D.},
    number      = {1},
    volume      = {19},
    url         = {https://doi.org/10.1002/wps.20693},
    doi         = {10.1002/wps.20693},
    date        = {2020},
    pages       = {15--33},
    journal     = {World Psychiatry}
}


@article{Mendez-Victoriano2024,
    title       = {Increased parenchymal macrophages are associated with decreased tyrosine hydroxylase m{RNA} levels in the substantia nigra of people with schizophrenia and bipolar disorder},
    author      = {Mendez-Victoriano, G. and Zhu, Y. and Middleton, F. and Massa, P. T. and Ajulu, K. and Webster, M. J. and Weickert, C. S.},
    volume      = {340, Article 116141},
    url         = {https://doi.org/10.1016/j.psychres.2024.116141},
    doi         = {10.1016/j.psychres.2024.116141},
    date        = {2024},
    journal     = {Psychiatry Research}
}


@article{Nasca2020,
    title       = {Insulin receptor substrate in brain-enriched exosomes in subjects with major depression: {O}n the path of creation of biosignatures of central insulin resistance},
    author      = {Nasca, C. and Dobbin, J. and Bigio, B. and Watson, K. and de Angelis, P. and Kautz, M. and Cochran, A. and Mathe, A. A. and Kocsis, J. H. and Lee, F. S. and Murrough, J. W. and McEwen, B. S. and Rasgon, N.},
    volume      = {26},
    url         = {https://doi.org/10.1038/s41380-020-0804-7},
    doi         = {10.1038/s41380-020-0804-7},
    date        = {2020},
    pages       = {5140--5149},
    journal     = {Molecular Psychiatry}
}


@article{Nayak2025,
    title       = {Impact of neuroinflammation on brain glutamate and dopamine signalling in schizophrenia: an update},
    author      = {Nayak, U. and Manikkath, J. and Arora, D. and Mudgal, J.},
    number      = {2},
    volume      = {40},
    url         = {https://doi.org/10.1007/s11011-025-01548-3},
    doi         = {10.1007/s11011-025-01548-3},
    date        = {2025},
    pages       = {119},
    journal     = {Metabolic Brain Disease}
}


@article{Newman1997,
    title       = {The biology of {PECAM}-1},
    author      = {Newman, P. J.},
    number      = {11 Suppl},
    volume      = {100},
    url         = {http://doi.org/10.1172/JCI119129},
    doi         = {10.1172/JCI119129},
    date        = {1997},
    journal     = {Journal of Clinical Investigation}
}


@article{Nieuwland2024,
    title       = {A beginner's guide to study extracellular vesicles in human blood plasma and serum},
    author      = {Nieuwland, R. and Siljander, P. R.-M.},
    number      = {1},
    volume      = {13},
    url         = {https://doi.org/10.1002/jev2.12400},
    doi         = {10.1002/jev2.12400},
    date        = {2024},
    journal     = {Journal of Extracellular Vesicles}
}


@article{Norman2021,
    title       = {{L1CAM} is not associated with extracellular vesicles in human cerebrospinal fluid or plasma},
    author      = {Norman, M. and Ter-Ovanesyan, D. and Trieu, W. and Lazarovits, R. and Kowal, E. J. K. and Lee, J. H. and Chen-Plotkin, A. S. and Regev, A. and Church, G. M. and Walt, D. R.},
    number      = {6},
    volume      = {18},
    url         = {https://doi.org/10.1038/s41592-021-01174-8},
    doi         = {10.1038/s41592-021-01174-8},
    date        = {2021},
    pages       = {631--634},
    journal     = {Nature Methods}
}


@article{Park2021,
    title       = {Decreased brain pH and pathophysiology in schizophrenia},
    author      = {Park, H. J. and Choi, I. and Leem, K. H.},
    number      = {16},
    volume      = {22},
    url         = {https://doi.org/10.3390/ijms22168358},
    doi         = {10.3390/ijms22168358},
    date        = {2021},
    journal     = {International Journal of Molecular Sciences}
}


@article{Plog2015,
    title       = {Biomarkers of traumatic injury are transported from brain to blood via the glymphatic system},
    author      = {Plog, B. A. and Dashnaw, M. L. and Hitomi, E. and Peng, W. and Liao, Y. and Lou, N. and Deane, R. and Nedergaard, M.},
    number      = {2},
    volume      = {35},
    url         = {https://doi.org/10.1523/JNEUROSCI.3742-14.2015},
    doi         = {10.1523/JNEUROSCI.3742-14.2015},
    date        = {2015},
    pages       = {518--526},
    journal     = {Journal of Neuroscience}
}


@article{Pollak2018,
    title       = {The blood-brain barrier in psychosis},
    author      = {Pollak, T. A. and Drndarski, S. and Stone, J. M. and David, A. S. and McGuire, P. and Abbott, N. J.},
    number      = {1},
    volume      = {5},
    url         = {https://doi.org/10.1016/S2215-0366(17)30293-6},
    doi         = {10.1016/S2215-0366(17)30293-6},
    date        = {2018},
    pages       = {79--92},
    journal     = {Lancet Psychiatry}
}


@article{Pourcyrous2015,
    title       = {Brain-derived circulating endothelial cells in peripheral blood of newborn infants with seizures: {A} potential biomarker for cerebrovascular injury},
    author      = {Pourcyrous, M. and Basuroy, S. and Tcheranova, D. and Arheart, K. L. and Elabiad, M. T. and Leffler, C. W. and Parfenova, H.},
    number      = {3},
    volume      = {3},
    url         = {https://doi.org/10.14814/phy2.12345},
    doi         = {10.14814/phy2.12345},
    date        = {2015},
    journal     = {Physiological Reports}
}


@article{Qin2022,
    title       = {Whole-transcriptome analysis of serum {L1CAM}-captured extracellular vesicles reveals neural and glycosylation changes in autism spectrum disorder},
    author      = {Qin, Y. and Cao, L. and Zhang, J. and Zhang, H. and Cai, S. and Guo, B. and Wu, F. and Zhao, L. and Li, W. and Ni, L. and Liu, L. and Wang, X. and Chen, Y. and Huang, C.},
    number      = {6},
    volume      = {72},
    url         = {https://doi.org/10.1007/s12031-022-01994-z},
    doi         = {10.1007/s12031-022-01994-z},
    date        = {2022},
    pages       = {1274--1292},
    journal     = {Journal of Molecular Neuroscience}
}


@article{Raja2018,
    title       = {{MRI} measurements of blood-brain barrier function in dementia: {A} review of recent studies},
    author      = {Raja, R. and Rosenberg, G. A. and Caprihan, A.},
    number      = {B},
    volume      = {134},
    url         = {https://doi.org/10.1016/j.neuropharm.2017.10.034},
    doi         = {10.1016/j.neuropharm.2017.10.034},
    date        = {2018},
    pages       = {259--271},
    journal     = {Neuropharmacology}
}


@article{Robbins2014,
    title       = {Regulation of immune responses by extracellular vesicles},
    author      = {Robbins, P. D. and Morelli, A. E.},
    number      = {3},
    volume      = {14},
    url         = {https://doi.org/10.1038/nri3622},
    doi         = {10.1038/nri3622},
    date        = {2014},
    pages       = {195--208},
    journal     = {Nature Reviews: Immunology}
}


@article{Rom2020,
    title       = {Hyperglycemia and advanced glycation end products disrupt {BBB} and promote occludin and claudin-5 protein secretion on extracellular microvesicles},
    author      = {Rom, S. and Heldt, N. A. and Gajghate, S. and Seliga, A. and Reichenbach, N. L. and Persidsky, Y.},
    number      = {1},
    volume      = {10},
    url         = {https://doi.org/10.1038/s41598-020-64349-x},
    doi         = {10.1038/s41598-020-64349-x},
    date        = {2020},
    pages       = {7274},
    journal     = {Scientific Reports}
}


@article{Saeedi2021,
    title       = {Neuron-derived extracellular vesicles enriched from plasma show altered size and mi{RNA} cargo as a function of antidepressant drug response},
    author      = {Saeedi, S. and Nagy, C. and Ibrahim, P. and Théroux, J. F. and Wakid, M. and Fiori, L. M. and Yang, J. and Rotzinger, S. and Foster, J. A. and Mechawar, N. and Kennedy, S. H. and Turecki, G.},
    number      = {12},
    volume      = {26},
    url         = {https://doi.org/10.1038/s41380-021-01255-2},
    doi         = {10.1038/s41380-021-01255-2},
    date        = {2021},
    pages       = {7417--7424},
    journal     = {Molecular Psychiatry}
}


@article{Singh2023,
    title       = {Canonical insulin signaling is not significantly impaired in early stages of depression},
    author      = {Singh, D. and Dobrowolny, H. and Kapogiannis, D. and Steiner, J.},
    volume      = {273},
    url         = {https://doi.org/10.1007/s00406-022-01412-w},
    doi         = {10.1007/s00406-022-01412-w},
    date        = {2023},
    pages       = {283--286},
    journal     = {European Archives of Psychiatry and Clinical Neuroscience}
}


@article{Sjöstedt2015,
    title       = {Defining the human brain proteome using transcriptomics and antibody-based profiling with a focus on the cerebral cortex},
    author      = {Sjöstedt, E. and Fagerberg, L. and Hallstrom, B. M. and Haggmark, A. and Mitsios, N. and Nilsson, P. and Ponten, F. and Hokfelt, T. and Uhlen, M. and Mulder, J.},
    number      = {6},
    volume      = {10},
    url         = {https://doi.org/10.1371/journal.pone.0130028},
    doi         = {10.1371/journal.pone.0130028},
    date        = {2015},
    journal     = {PloS One}
}


@article{Sjöstedt2020,
    title       = {An atlas of the protein-coding genes in the human, pig, and mouse brain},
    author      = {Sjöstedt, E. and Zhong, W. and Fagerberg, L. and Karlsson, M. and Mitsios, N. and Adori, C. and Oksvold, P. and Edfors, F. and Limiszewska, A. and Hikmet, F. and Huang, J. and Du, Y. and Lin, L. and Dong, Z. and Yang, L. and Liu, X. and Jiang, H. and Xu, X. and Wang, J. and Mulder, J.},
    number      = {6482},
    volume      = {367},
    url         = {https://doi.org/10.1126/science.aay5947},
    doi         = {10.1126/science.aay5947},
    date        = {2020},
    journal     = {Science}
}


@article{Takata1997,
    title       = {Transport of glucose across the blood-tissue barriers},
    author      = {Takata, K. and Hirano, H. and Kasahara, M.},
    volume      = {172},
    url         = {http://doi.org/10.1016/s0074-7696(08)62357-8},
    doi         = {10.1016/s0074-7696(08)62357-8},
    date        = {1997},
    pages       = {1--53},
    journal     = {International Review of Cytology}
}


@article{Takata1993,
    title       = {Review: {M}ammalian sugar transporters: {T}heir localization and link to cellular functions},
    author      = {Takata, K. and Kasahara, M. and Oka, Y. and Hirano, H.},
    number      = {3},
    volume      = {26},
    url         = {https://doi.org/10.1267/ahc.26.165},
    doi         = {10.1267/ahc.26.165},
    date        = {1993},
    pages       = {165--178},
    journal     = {Acta Histochemica et Cytochemica}
}


@article{Toth2021,
    title       = {Formation of a protein corona on the surface of extracellular vesicles in blood plasma},
    author      = {Toth, E. A. and Turiak, L. and Visnovitz, T. and Cserep, C. and Mazlo, A. and Sodar, B. W. and Forsonits, A. I. and Petovari, G. and Sebestyen, A. and Komlosi, Z. and Drahos, L. and Kittel, A. and Nagy, G. and Bacsi, A. and Denes, A. and Gho, Y. S. and Szabo-Taylor, K. E. and Buzas, E. I.},
    number      = {11},
    volume      = {10},
    url         = {https://doi.org/10.1002/jev2.12140},
    doi         = {10.1002/jev2.12140},
    date        = {2021},
    journal     = {Journal of Extracellular Vesicles}
}


@article{Tunset2025,
    title       = {Clinical studies of blood-borne extracellular vesicles in psychiatry: {A} systematic review},
    author      = {Tunset, M. E. and Haslene-Hox, H. and Larsen, J. B. and Kondziella, D. and Nygard, M. and Pedersen, S. A. and Vaaler, A. and Llorente, A.},
    volume      = {182},
    url         = {https://doi.org/10.1016/j.jpsychires.2025.01.037},
    doi         = {10.1016/j.jpsychires.2025.01.037},
    date        = {2025},
    pages       = {373--390},
    journal     = {Journal of Psychiatric Research}
}


@article{Tunset2023,
    title       = {Blood-borne extracellular vesicles of bacteria and intestinal cells in patients with psychotic disorders},
    author      = {Tunset, M. E. and Haslene-Hox, H. and Van Den Bossche, T. and Maleki, S. and Vaaler, A. and Kondziella, D.},
    number      = {7},
    volume      = {77},
    url         = {https://doi.org/10.1080/08039488.2023.2223572},
    doi         = {10.1080/08039488.2023.2223572},
    date        = {2023},
    pages       = {686--695},
    journal     = {Nordic Journal of Psychiatry}
}


@article{Tunset2020,
    title       = {Extracellular vesicles in patients in the acute phase of psychosis and after clinical improvement: {A}n explorative study},
    author      = {Tunset, M. E. and Haslene-Hox, H. and Van Den Bossche, T. and Vaaler, A. E. and Sulheim, E. and Kondziella, D.},
    volume      = {8, Article e9714},
    url         = {https://doi.org/10.7717/peerj.9714},
    doi         = {10.7717/peerj.9714},
    date        = {2020},
    journal     = {PeerJ}
}


@article{Veerman2021,
    title       = {Molecular evaluation of five different isolation methods for extracellular vesicles reveals different clinical applicability and subcellular origin},
    author      = {Veerman, R. E. and Teeuwen, L. and Czarnewski, P. and Gucluler Akpinar, G. and Sandberg, A. and Cao, X. and Pernemalm, M. and Orre, L. M. and Gabrielsson, S. and Eldh, M.},
    number      = {9},
    volume      = {10},
    url         = {https://doi.org/10.1002/jev2.12128},
    doi         = {10.1002/jev2.12128},
    date        = {2021},
    journal     = {Journal of Extracellular Vesicles}
}


@article{Welsh2020,
    title       = {{MIF}lowCyt-{EV}: {A} framework for standardized reporting of extracellular vesicle flow cytometry experiments},
    author      = {Welsh, J. A. and Van Der Pol, E. and Arkesteijn, G. J. A. and Bremer, M. and Brisson, A. and Coumans, F. and Dignat-George, F. and Duggan, E. and Ghiran, I. and Giebel, B. and Gorgens, A. and Hendrix, A. and Lacroix, R. and Lannigan, J. and Libregts, S. and Lozano-Andres, E. and Morales-Kastresana, A. and Robert, S. and De Rond, L. and Jones, J. C.},
    number      = {1},
    volume      = {9},
    url         = {https://doi.org/10.1080/20013078.2020.1713526},
    doi         = {10.1080/20013078.2020.1713526},
    date        = {2020},
    journal     = {Journal of Extracellular Vesicles}
}


@article{Yamamoto2015,
    title       = {Inflammation-induced endothelial cell-derived extracellular vesicles modulate the cellular status of pericytes},
    author      = {Yamamoto, S. and Niida, S. and Azuma, E. and Yanagibashi, T. and Muramatsu, M. and Huang, T. T. and Sagara, H. and Higaki, S. and Ikutani, M. and Nagai, Y. and Takatsu, K. and Miyazaki, K. and Hamashima, T. and Mori, H. and Matsuda, N. and Ishii, Y. and Sasahara, M.},
    volume      = {5, Article 8505},
    url         = {https://doi.org/10.1038/srep08505},
    doi         = {10.1038/srep08505},
    date        = {2015},
    journal     = {Scientific Reports}
}
