%% LaTeX2e file `bibliography.bib'
%% generated by the `filecontents' environment
%% from source `main' on 2023/08/22.
%%
 @article{Bode2018,
    title       = {See something, say something: {C}orrection of global health misinformation on social media},
    author      = {Bode, L. and Vraga, E. K.},
    number      = {9},
    volume      = {33},
    date        = {2018},
    pages       = {1131--40},
    journal     = {Health Communication}
}


@article{Bogliacino2021,
    title       = {Expert endorsement and the legitimacy of public policy. Evidence from Covid19 mitigation strategies},
    author      = {Bogliacino, F. and Charris, R. and Gómez, C. and Montealegre, F. and C, Codagnone},
    number      = {3-4},
    volume      = {24},
    date        = {2021},
    pages       = {394--415},
    journal     = {Journal of Risk Research}
}


@article{Boyon2021,
    title       = {Global Attitudes: {COVID}-19 Vaccines},
    author      = {Boyon, N. and Silverstein, K.},
    url         = {https://www.ipsos.com/en-ro/global-attitudes-covid-19-vaccine-january-2021\#:\textasciitilde{}:text=Vaccination\%20intent\%20on\%20the\%20rise\&text=Among\%20the\%20other\%20countries\%2C\%20intent,\%25)\%2C\%20and\%20Germany\%20(68\%25)\%3B},
    date        = {2021},
    journal     = {Ipsos}
}


@article{Bryan2021,
    title       = {Behavioural science is unlikely to change the world without a heterogeneity revolution},
    author      = {Bryan, C. J. and Tipton, E. and Yeager, D. S.},
    number      = {8},
    volume      = {5},
    date        = {2021},
    pages       = {980--9},
    journal     = {Nature Human Behaviour}
}


@article{Chaiken1980,
    title       = {Heuristic versus systematic information processing and the use of source versus message cues in persuasion},
    author      = {Chaiken, S.},
    number      = {5},
    volume      = {39},
    date        = {1980},
    pages       = {752--766},
    journal     = {Journal of Personality and Social Psychology}
}


@article{G.2022,
    title       = {Ipsos Veracity Index 2022},
    author      = {G., Skinner and Clemence, M.},
    url         = {https://www.ipsos.},
    date        = {2022},
    journal     = {Ipsos}
}


@article{Trust2018,
    title       = {Chapter 3: {T}rust in science and health professionals},
    author      = {Trust, Wellcome},
    url         = {https://wellcome.org/reports/wellcome-global-monitor/2018/chapter-3-trust-science-and-health-professionals},
    date        = {2018},
    journal     = {Wellcome Global Monitor}
}


@article{Heesacker1983,
    title       = {Field dependence and attitude change: {S}ource credibility can alter persuasion by affecting message-relevant thinking},
    author      = {Heesacker, M. and Petty, R. E. and Cacioppo, J. T.},
    number      = {4},
    volume      = {51},
    date        = {1983},
    pages       = {653--66},
    journal     = {Journal of Personality}
}


@inbook{Kahan2021,
    title       = {Cultural cognition as a conception of the cultural theory of risk},
    author      = {Kahan, D. M.},
    editor      = {Roeser, S. and Hillerbrand, R. and Sandin, P. and Peterson, M.},
    url         = {https://doi.org/10.1007/978-94-007-1433-5\_1},
    doi         = {10.1007/978-94-007-1433-5\_1},
    publisher   = {Springer Dordrecht},
    date        = {2021},
    booktitle     = {Handbook of risk theory: Epistemology, decision theory, ethics, and social implications of risk}
}


@article{Lewandowsky2020,
    author      = {Lewandowsky, S. and Cook, J. and Ecker, U. K. H. and Albarracín, D. and Amazeen, M. A. and Kendeou, P. and Lombardi, D. and Newman, E. J. and Pennycook, G. and Porter, E. and Rand, D. G. and N., Rapp D. and J., Reifler and Roozenbeek, J. and Schmid, P. and Seifert, C. M. and Sinatra, G. M. and Swire-Thompson, B. and van der Linden, S. and Vraga, E. K.},
    url         = {https://sks.to/db2020.},
    doi         = {10.17910/b7.1182},
    place       = {Zaragoza, M.S},
    date        = {2020}
}


@article{forNationalStatistics2019,
    title       = {Highest Level of Qualification Achieved by People Living in {UK} Regions},
    author      = {for National Statistics, Office},
    url         = {https://www.ons.gov.uk/peoplepopulationandcommunity/educationandchildcare/adhocs/10516highestlevelofqualificationachievedbypeoplelivinginukregions2010to2018},
    date        = {2019}
}


@book{Petty1986,
    title       = {Communication and persuasion: {C}entral and peripheral routes to attitude change},
    author      = {Petty, R. E.\& Cacioppo and {JT}},
    url         = {https://doi.org/10.1007/978-1-4612-4964-1},
    doi         = {10.1007/978-1-4612-4964-1},
    publisher   = {Springer},
    date        = {1986}
}


@book{Team2018,
    title       = {R: {A} language and environment for statistical computing},
    author      = {Team, R. Core},
    url         = {https://www.R-project.org/.},
    publisher   = {R Foundation for Statistical Computing},
    place       = {Vienna, Austria},
    date        = {2018}
}


@article{Reynolds2019,
    title       = {Social norms and how they impact behaviour},
    author      = {Reynolds, K. J.},
    number      = {1},
    volume      = {3},
    date        = {2019},
    pages       = {14--15},
    journal     = {Nature Human Behaviour}
}


@article{Ronzani2022,
    title       = {Countering vaccine hesitancy through medical expert endorsement},
    author      = {Ronzani, P. and Panizza, F. and Martini, C. and Savadori, L. and Motterlini, M.},
    number      = {32},
    volume      = {40},
    date        = {2022},
    pages       = {4635--43},
    journal     = {Vaccine}
}


@article{Savadori2021,
    title       = {Risk perception and protective behaviors during the rise of the {COVID}-19 outbreak in Italy},
    author      = {Savadori, L. and Lauriola, M.},
    volume      = {11, Article 577331},
    date        = {2021},
    journal     = {Frontiers in Psychology}
}


@article{Touloumis2013,
    title       = {{GEE} for multinomial responses using a local odds ratios parameterization},
    author      = {Touloumis, A. and Agresti, A. and Kateri, M.},
    number      = {3},
    volume      = {69},
    date        = {2013},
    pages       = {633--40},
    journal     = {Biometrics}
}


@article{vanderLinden2021,
    title       = {The Gateway Belief Model ({GBM}): {A} review and research agenda for communicating the scientific consensus on climate change},
    author      = {van der Linden, S.},
    volume      = {42},
    date        = {2021},
    pages       = {7--12},
    journal     = {Current Opinion in Psychology}
}


@article{Zizzo2009,
    title       = {Experimenter demand effects in economic experiments},
    author      = {Zizzo, D. J.},
    number      = {1},
    volume      = {13},
    date        = {2009},
    pages       = {75--98},
    journal     = {Experimental Economics}
}
