
@article{Apfelbach2005,
  title = {The Effects of Predator Odors in Mammalian Prey Species: {{A}} Review of Field and Laboratory Studies},
  author = {Apfelbach, Raimund and Blanchard, Caroline D. and Blanchard, Robert J. and Hayes, R. Andrew and McGregor, Iain S.},
  date = {2005},
  journaltitle = {Neuroscience \& Biobehavioral Reviews},
  volume = {29},
  pages = {1123--1144},
  issn = {0149-7634},
  doi = {10.1016/j.neubiorev.2005.05.005},
  langid = {english},
  number = {8},
  series = {Defensive Behavior}
}

@article{Begg1994,
  title = {Operating Characteristics of a Rank Correlation Test for Publication Bias},
  author = {Begg, Colin B. and Mazumdar, Madhuchhanda},
  date = {1994},
  journaltitle = {Biometrics},
  volume = {50},
  pages = {1088--1101},
  issn = {0006-341X},
  doi = {10.2307/2533446},
  number = {4}
}

@article{Bogue2004,
  title = {The Mouse Phenome Project},
  author = {Bogue, Molly A and Grubb, Stephen C},
  date = {2004},
  journaltitle = {Genetica},
  volume = {122},
  pages = {71--74},
  issn = {0016-6707},
  doi = {10.1007/s10709-004-1438-4},
  number = {1}
}

@article{Brenninkmeijer2019,
  title = {Informal Laboratory Practices in Psychology},
  author = {Brenninkmeijer, Jonna and Derksen, Maarten and Rietzschel, Eric},
  date = {2019},
  journaltitle = {Collabra: Psychology},
  volume = {5},
  pages = {45},
  issn = {2474-7394},
  doi = {10.1525/collabra.221},
  langid = {english},
  number = {1}
}

@article{Chatard2020,
  title = {A Word of Caution about Many Labs 4: {{If}} You Fail to Follow Your Preregistered Plan, You May Fail to Find a Real Effect},
  author = {Chatard, Armand and Hirschberger, Gilad and Pyszczynski, Tom},
  date = {2020},
  archive = {{PsyArXiv}},
  url = {https://osf.io/ejubn}
}

@article{Collins1974,
  title = {The {{TEA}} Set: {{Tacit}} Knowledge and Scientific Networks},
  author = {Collins, H. M.},
  date = {1974},
  journaltitle = {Science Studies},
  volume = {4},
  pages = {165--185},
  issn = {0036-8539},
  doi = {10.1177/030631277400400203},
  number = {2}
}

@book{Collins1992a,
  title = {Changing Order: {{Replication}} and Induction in Scientific Practice},
  author = {Collins, H. M.},
  date = {1992},
  edition = {Reprint edition},
  publisher = {{University Of Chicago Press}},
  location = {{Chicago}},
  isbn = {978-0-226-11376-0},
  langid = {english},
  pagetotal = {207}
}

@article{Collins2001,
  title = {Tacit Knowledge, Trust and the q of Sapphire},
  author = {Collins, H. M.},
  date = {2001},
  journaltitle = {Social Studies of Science},
  volume = {31},
  pages = {71--85},
  issn = {0306-3127, 1460-3659},
  doi = {10.1177/030631201031001004},
  langid = {english},
  number = {1}
}

@book{Collins2010,
  title = {Tacit and Explicit Knowledge},
  author = {Collins, H. M.},
  date = {2010},
  publisher = {{University of Chicago Press}},
  isbn = {978-0-226-11380-7},
  langid = {english},
  pagetotal = {200}
}

@article{Dickersin1987,
  title = {Publication Bias and Clinical Trials},
  author = {{Dickersin, Kay} and {Chan, S.} and Chalmers, T. C. and Sacks, H. S. and Smith, H.},
  date = {1987},
  journaltitle = {Controlled Clinical Trials},
  volume = {8},
  pages = {343--353},
  issn = {0197-2456},
  doi = {10.1016/0197-2456(87)90155-3},
  langid = {english},
  number = {4}
}

@article{Dickersin1990,
  title = {The Existence of Publication Bias and Risk Factors for Its Occurrence},
  author = {Dickersin, Kay},
  date = {1990},
  journaltitle = {JAMA},
  volume = {263},
  pages = {1385--1389},
  issn = {0098-7484},
  doi = {10.1001/jama.1990.03440100097014},
  langid = {english},
  number = {10}
}

@article{Egger1997,
  title = {Bias in Meta-Analysis Detected by a Simple, Graphical Test},
  author = {Egger, Matthias and Smith, George Davey and Schneider, Martin and Minder, Christoph},
  date = {1997},
  journaltitle = {BMJ (Clinical Research Ed.)},
  shortjournal = {BMJ},
  volume = {315},
  pages = {629--634},
  issn = {0959-8138, 1468-5833},
  doi = {10.1136/bmj.315.7109.629},
  langid = {english},
  number = {7109}
}

@article{Fanelli2010,
  title = {``{{Positive}}'' Results Increase down the Hierarchy of the Sciences},
  author = {Fanelli, Daniele},
  date = {2010},
  journaltitle = {PLOS ONE},
  volume = {5},
  pages = {e10068},
  issn = {1932-6203},
  doi = {10.1371/journal.pone.0010068},
  langid = {english},
  number = {4}
}

@article{Fanelli2012,
  title = {Negative Results Are Disappearing from Most Disciplines and Countries},
  author = {Fanelli, Daniele},
  date = {2012},
  journaltitle = {Scientometrics},
  volume = {90},
  pages = {891-904},
  issn = {1588-2861},
  doi = {10.1007/s11192-011-0494-7},
  langid = {english},
  number = {3}
}

@article{Grant,
  title = {{{INIA}} Stress and Chronic Alcohol Interactions: {{Administrative}} Core},
  author = {Grant, Kathleen},
  url = {https://grantome.com/grant/NIH/U24-AA013641-20},
  keywords = {⛔ No DOI found},
  langid = {english}
}

@article{Grimpe2013,
  title = {Formal and Informal Knowledge and Technology Transfer from Academia to Industry: {{Complementarity}} Effects and Innovation Performance},
  author = {Grimpe, Christoph and Hussinger, Katrin},
  date = {2013},
  journaltitle = {Industry and Innovation},
  volume = {20},
  pages = {683--700},
  issn = {1366-2716},
  doi = {10.1080/13662716.2013.856620},
  number = {8}
}

@article{Horning2004,
  title = {Engineering the Performance: {{Recording}} Engineers, Tacit Knowledge and the Art of Controlling Sound},
  author = {Horning, Susan Schmidt},
  date = {2004},
  journaltitle = {Social Studies of Science},
  volume = {34},
  pages = {703--731},
  issn = {0306-3127},
  doi = {10.1177/0306312704047536},
  langid = {english},
  number = {5}
}

@book{Keller2000,
  title = {The Century of the Gene},
  author = {Keller, Evelyn Fox},
  date = {2000},
  publisher = {{Harvard University Press}},
  location = {{Cambridge, Mass.}},
  isbn = {0-674-00372-1},
  langid = {english}
}

@article{Klein2019,
  title = {Many Labs 4: {{Failure}} to Replicate Mortality Salience Effect with and without Original Author Involvement},
  author = {Klein, Richard Anthony and Cook, Corey L. and Ebersole, Charles R. and Vitiello, Christine Anne and Nosek, Brian A. and Chartier, Christopher R. and Christopherson, Cody D and Clay, Samuel and Collisson, Brian and Crawford, Jarret and Cromar, Ryan and Dudley, DeVere and Gardiner, Gwendolyn and Gosnell, Courtney and Grahe, Jon E. and Hall, Calvin and Joy-Gaba, Jennifer Alana and Legg, Angela M. and Levitan, Carmel and Mancini, Anthony D and Manfredi, Dylan and Miller, Jason Michael and Nave, Gideon and Redford, Liz and Schlitz, Ilaria and Schmidt, Kathleen and Skorinko, Jeanine and Storage, Daniel and Swanson, Trevor and van {swol}, Lyn and Vaughn, Leigh Ann and Ratliff, Kate A.},
  date = {2019-12-11},
  archive = {{PsyArXiv}},
  url = {https://osf.io/vef2c},
  options = {useprefix=true}
}

@article{Korevaar2011,
  title = {Systematic Reviews and Meta-Analyses of Preclinical Studies: {{Publication}} Bias in Laboratory Animal Experiments},
  author = {Korevaar, D A and Hooft, L and Ter Riet, G},
  date = {2011},
  journaltitle = {Laboratory Animals},
  volume = {45},
  pages = {225--230},
  issn = {0023-6772},
  doi = {10.1258/la.2011.010121},
  langid = {english},
  number = {4}
}

@book{Leonelli2016,
  title = {Data-Centric Biology: {{A}} Philosophical Study},
  author = {Leonelli, Sabina},
  date = {2016-11-18},
  edition = {Reprint edition},
  publisher = {{University Of Chicago Press}},
  location = {{Chicago ; London}},
  isbn = {978-0-226-41647-2},
  langid = {english},
  pagetotal = {288}
}

@article{Lippman1992,
  title = {Led (Astray) by Genetic Maps: {{The}} Cartography of the Human Genome and Health Care},
  author = {Lippman, A.},
  date = {1992-12},
  journaltitle = {Social Science \& Medicine},
  volume = {35},
  pages = {1469--1476},
  issn = {0277-9536},
  doi = {10.1016/0277-9536(92)90049-V},
  number = {12}
}

@book{Longino2013Studying,
  title = {Studying Human Behavior: {{How}} Scientists Investigate Aggression and Sexuality},
  author = {Longino, Helen E.},
  date = {2013},
  publisher = {{University of Chicago Press}},
  isbn = {978-0-226-92182-2},
  langid = {english},
  pagetotal = {263}
}

@incollection{MacKenzie1998,
  title = {The Certainty Trough},
  booktitle = {Exploring Expertise: {{Issues}} and Perspectives},
  author = {MacKenzie, Donald},
  editor = {Williams, Robin and Faulkner, Wendy and Fleck, James},
  date = {1998},
  pages = {325--329},
  publisher = {{Palgrave Macmillan UK}},
  location = {{London}},
  doi = {10.1007/978-1-349-13693-3_15},
  isbn = {978-1-349-13693-3},
  langid = {english}
}

@article{Macleod2004,
  title = {Pooling of Animal Experimental Data Reveals Influence of Study Design and Publication Bias},
  author = {Macleod, Malcolm and Tori, O’Collins and W., Howells David and A., Donnan Geoffrey},
  date = {2004},
  journaltitle = {Stroke},
  volume = {35},
  pages = {1203--1208},
  doi = {10.1161/01.STR.0000125719.25853.20},
  number = {5}
}

@article{Melander2003,
  title = {Evidence b(i)Ased Medicine—Selective Reporting from Studies Sponsored by Pharmaceutical Industry: Review of Studies in New Drug Applications},
  author = {Melander, Hans and Ahlqvist-Rastad, Jane and Meijer, Gertie and Beermann, Björn},
  date = {2003},
  journaltitle = {BMJ (Clinical Research Ed.)},
  shortjournal = {BMJ},
  volume = {326},
  pages = {1171--1173},
  issn = {0959-8138, 1468-5833},
  doi = {10.1136/bmj.326.7400.1171},
  langid = {english},
  number = {7400}
}

@book{Nelson2018,
  title = {Model Behavior: {{Animal}} Experiments, Complexity, and the Genetics of Psychiatric Disorders},
  author = {Nelson, Nicole C.},
  date = {2018},
  publisher = {{University of Chicago Press}},
  location = {{Chicago, IL}},
  isbn = {978-0-226-54611-7},
  langid = {english},
  pagetotal = {262}
}

@article{Nissen2016,
  title = {Publication Bias and the Canonization of False Facts},
  author = {Nissen, Silas Boye and Magidson, Tali and Gross, Kevin and Bergstrom, Carl T},
  editor = {Rodgers, Peter},
  date = {2016-12-20},
  journaltitle = {eLife},
  volume = {5},
  pages = {e21451},
  issn = {2050-084X},
  doi = {10.7554/eLife.21451}
}

@article{Prescott1999,
  title = {Genetic and Environmental Contributions to Alcohol Abuse and Dependence in a Population-Based Sample of Male Twins},
  author = {Prescott, Carol A. and Kendler, Kenneth S.},
  date = {1999},
  journaltitle = {American Journal of Psychiatry},
  volume = {156},
  pages = {34--40},
  issn = {0002-953X},
  doi = {10.1176/ajp.156.1.34},
  number = {1}
}

@article{Rhodes2007,
  title = {Mouse Inbred Strain Differences in Ethanol Drinking to Intoxication},
  author = {Rhodes, J. S. and Ford, M. M. and Yu, C.-H. and Brown, L. L. and Finn, D. A. and Jr, T. Garland and Crabbe, J. C.},
  date = {2007},
  journaltitle = {Genes, Brain and Behavior},
  volume = {6},
  pages = {1--18},
  doi = {10.1111/j.1601-183X.2006.00210.x},
  number = {1}
}

@incollection{Richards2006,
  title = {Heredity: {{Lay}} Understanding},
  booktitle = {Living with the Genome: {{Ethical}} and Social Aspects of Human Genetics},
  author = {Richards, Martin},
  editor = {Clarke, Angus and Ticehurst, Flo},
  date = {2006},
  pages = {177--182},
  publisher = {{Palgrave Macmillan}},
  location = {{New York}},
  langid = {english}
}

@article{Riet2012,
  title = {Publication Bias in Laboratory Animal Research: {{A}} Survey on Magnitude, Drivers, Consequences and Potential Solutions},
  author = {Riet, ter Gerben and Korevaar, Daniel A. and Leenaars, Marlies and Sterk, Peter J. and Noorden, Cornelis J. F. Van and Bouter, Lex M. and Lutter, René and Elferink, Ronald P. Oude and Hooft, Lotty},
  date = {2012},
  journaltitle = {PLOS ONE},
  volume = {7},
  pages = {e43404},
  issn = {1932-6203},
  doi = {10.1371/journal.pone.0043404},
  langid = {english},
  number = {9}
}

@article{Rosenthal1979,
  title = {The File Drawer Problem and Tolerance for Null Results},
  author = {Rosenthal, Robert},
  date = {1979},
  journaltitle = {Psychological Bulletin},
  volume = {86},
  pages = {638--641},
  issn = {1939-1455(Electronic),0033-2909(Print)},
  doi = {10.1037/0033-2909.86.3.638},
  number = {3}
}

@book{Rothstein2005,
  title = {Publication Bias in Meta-Analysis: {{Prevention}}, Assessment and Adjustments},
  editor = {Rothstein, Hannah R. and Sutton, Alexander J. and Borenstein, Michael},
  date = {2005},
  edition = {1st},
  publisher = {{Wiley}},
  location = {{New York, N.Y.}},
  pagetotal = {376}
}

@article{Schimmack2020,
  title = {The Replicability Index Is the Most Powerful Tool to Detect Publication Bias in Meta-Analyses},
  author = {Schimmack, Uli},
  date = {2020},
  journaltitle = {Replication Index},
  url = {https://replicationindex.com/2020/01/01/the-replicability-index-is-the-most-powerful-tool-to-detect-publication-bias-in-meta-analyses/},
  keywords = {⛔ No DOI found},
  langid = {english}
}

@article{Sena2010,
  title = {Publication Bias in Reports of Animal Stroke Studies Leads to Major Overstatement of Efficacy},
  author = {Sena, Emily S. and Worp, van der H. Bart and Bath, Philip M. W. and Howells, David W. and Macleod, Malcolm R.},
  date = {2010},
  journaltitle = {PLOS Biology},
  volume = {8},
  pages = {e1000344},
  issn = {1545-7885},
  doi = {10.1371/journal.pbio.1000344},
  langid = {english},
  number = {3}
}

@article{Simonsohn2013,
  title = {P-Curve: {{A}} Key to the File-Drawer.},
  author = {Simonsohn, Uri and Nelson, Leif D. and Simmons, Joseph P.},
  date = {2013},
  journaltitle = {Journal of Experimental Psychology: General},
  volume = {143},
  pages = {534},
  issn = {1939-2222},
  doi = {10.1037/a0033242},
  number = {2}
}

@article{Turner2008,
  title = {Selective Publication of Antidepressant Trials and Its Influence on Apparent Efficacy},
  author = {Turner, Erick H and Tell, Robert A},
  date = {2008},
  journaltitle = {n engl j med},
  pages = {9},
  doi = {10.1056/NEJMsa065779},
  langid = {english}
}

@article{vanAssen2015,
  title = {Meta-Analysis Using Effect Size Distributions of Only Statistically Significant Studies.},
  author = {van Assen, Marcel A. L. M. and van Aert, Robbie C. M. and Wicherts, Jelte M.},
  date = {2015},
  journaltitle = {Psychological Methods},
  volume = {20},
  pages = {293--309},
  issn = {1939-1463, 1082-989X},
  doi = {10.1037/met0000025},
  langid = {english},
  number = {3},
  options = {useprefix=true}
}


