%% LaTeX2e file `bibliography.bib'
%% generated by the `filecontents' environment
%% from source `main' on 2023/10/08.
%%
 @article{aanhetRot2014,
    title       = {The influence of affective empathy and autism spectrum traits on empathic accuracy},
    author      = {aan het Rot, A. D. D. I. N. E. N. R. E. F. L. I. S. T. and M. and Hogenelst, K.},
    number      = {6},
    volume      = {9},
    url         = {https://doi.org/10.1371/journal.pone.0098436},
    doi         = {10.1371/journal.pone.0098436},
    date        = {2014},
    pages       = {98436},
    journal     = {PLoS ONE}
}


@article{Bartz2010,
    title       = {Oxytocin selectively improves empathic accuracy},
    author      = {Bartz, J. A. and Zaki, J. and Bolger, N. and Hollander, E. and Ludwig, N. N. and Kolevzon, A. and Ochsner, K. N.},
    number      = {10},
    volume      = {21},
    url         = {https://doi.org/10.1177/0956797610383439},
    doi         = {10.1177/0956797610383439},
    date        = {2010},
    pages       = {1426--1428},
    journal     = {Psychological Science}
}


@article{Beitel2005,
    title       = {Psychological mindedness and awareness of self and others},
    author      = {Beitel, M. and Ferrer, E. and Cecero, J. J.},
    number      = {6},
    volume      = {61},
    url         = {https://doi.org/10.1002/jclp.20095},
    doi         = {10.1002/jclp.20095},
    date        = {2005},
    pages       = {739--750},
    journal     = {Journal of Clinical Psychology}
}


@article{Birnie2010,
    title       = {Exploring self-compassion and empathy in the context of mindfulness-based stress reduction ({MBSR}},
    author      = {Birnie, K. and Speca, M. and Carlson, L. E.},
    number      = {5},
    volume      = {26},
    url         = {https://doi.org/10.1002/smi.1305},
    doi         = {10.1002/smi.1305},
    date        = {2010},
    pages       = {359--371},
    journal     = {Stress Health}
}


@article{Bishop2004,
    title       = {Mindfulness: {A} proposed operational definition},
    author      = {Bishop, S. R. and Lau, M. and Shapiro, S. and Carlson, L. and Anderson, N. D. and Carmody, J. and Segal, Z. V. and Abbey, S. and Speca, M. and Velting, D. and Devins, G.},
    number      = {3},
    volume      = {11},
    url         = {https://doi.org/10.1093/clipsy.bph077},
    doi         = {10.1093/clipsy.bph077},
    date        = {2004},
    pages       = {230--241},
    journal     = {Clinical Psychology: Science and Practice}
}


@article{Bohlmeijer2011,
    title       = {Psychometric properties of the Five Facet Mindfulness Questionnaire in depressed adults and development of a short form},
    author      = {Bohlmeijer, E. T. and ten Klooster, P. M. and Fledderus, M. and Veehof, M. M. and Baer, R.},
    number      = {3},
    volume      = {18},
    url         = {https://doi.org/10.1177/1073191111408231},
    doi         = {10.1177/1073191111408231},
    date        = {2011},
    pages       = {308--320},
    journal     = {Assessment}
}


@article{Cuff2016,
    title       = {Empathy: {A} Review of the concept},
    author      = {Cuff, B. M. P. and Brown, S. J. and Taylor, L. and Howat, D. J.},
    number      = {2},
    volume      = {8},
    url         = {https://doi.org/10.1177/1754073914558466},
    doi         = {10.1177/1754073914558466},
    date        = {2016},
    pages       = {144--153},
    journal     = {Emotion Review}
}


@article{Fischer2017,
    title       = {Improvement of interoceptive processes after an 8-week body scan intervention},
    author      = {Fischer, D. and Messner, M. and Pollatos, O.},
    volume      = {11},
    url         = {https://doi.org/10.3389/fnhum.2017.00452},
    doi         = {10.3389/fnhum.2017.00452},
    date        = {2017},
    journal     = {Frontiers in Human Neuroscience}
}


@article{Gallup2002,
    title       = {Cognitive empathy presupposes self-awareness: Evidence from phylogeny, ontogeny, neuropsychology, and mental illness},
    author      = {Gallup Jr, G. G., \& Platek, S. M.},
    number      = {1},
    volume      = {25},
    url         = {https://doi.org/10.1017/S0140525X02380014},
    doi         = {10.1017/S0140525X02380014},
    date        = {2002},
    pages       = {36--37},
    journal     = {Behavioral and Brain Sciences}
}


@article{Groen2015,
    title       = {The Empathy and Systemizing Quotient: {T}he psychometric properties of the Dutch version and a review of the cross-cultural stability},
    author      = {Groen, Y. and Fuermaier, A. B. and Den Heijer, A. E. and Tucha, O. and Althaus, M.},
    number      = {9},
    volume      = {45},
    url         = {https://doi.org/10.1007/s10803-015-2448-z},
    doi         = {10.1007/s10803-015-2448-z},
    date        = {2015},
    pages       = {2848--2864},
    journal     = {Journal of Autism and Developmental Disorders}
}


@book{Ickes1997,
    title       = {Empathic Accuracy},
    author      = {Ickes, W.},
    publisher   = {Guildford Press},
    date        = {1997}
}


@article{Kenward1997,
    title       = {Small sample inference for fixed effects from restricted maximum likelihood},
    author      = {Kenward, M. G. and Roger, J. H.},
    number      = {3},
    volume      = {53},
    url         = {https://www.ncbi.nlm.nih.gov/pubmed/9333350},
    date        = {1997},
    pages       = {983--997},
    journal     = {Biometrics}
}


@article{Lam2011,
    title       = {Empathy training: {M}ethods, evaluation practices, and validity},
    author      = {Lam, T. M. and Kolomitro, K. and Alamparambil, F. C.},
    volume      = {7},
    date        = {2011},
    pages       = {162--200},
    journal     = {Journal of Multidisciplinary Evaluation}
}


@article{Lawrence2004,
    title       = {Measuring empathy: reliability and validity of the Empathy Quotient},
    author      = {Lawrence, E. J. and Shaw, P. and Baker, D. and Baron-Cohen, S. and David, A. S.},
    number      = {5},
    volume      = {34},
    url         = {https://doi.org/10.1017/s0033291703001624},
    doi         = {10.1017/s0033291703001624},
    date        = {2004},
    pages       = {911--919},
    journal     = {Psychological Medicine}
}


@article{Lee2011,
    title       = {Schizophrenia patients are impaired in empathic accuracy},
    author      = {Lee, J. and Zaki, J. and Harvey, P. O. and Ochsner, K. and Green, M. F.},
    number      = {11},
    volume      = {41},
    url         = {https://doi.org/10.1017/S0033291711000614},
    doi         = {10.1017/S0033291711000614},
    date        = {2011},
    pages       = {2297--2304},
    journal     = {Psychological Medicine}
}


@article{Mascaro2013,
    title       = {Compassion meditation enhances empathic accuracy and related neural activity},
    author      = {Mascaro, J. S. and Rilling, J. K. and Tenzin Negi, L. and Raison, C. L.},
    number      = {1},
    volume      = {8},
    url         = {https://doi.org/10.1093/scan/nss095},
    doi         = {10.1093/scan/nss095},
    date        = {2013},
    pages       = {48--55},
    journal     = {Social Cognitive and Affective Neuroscience}
}


@article{Mazza2010,
    title       = {Could schizophrenic subjects improve their social cognition abilities only with observation and imitation of social situations?},
    author      = {Mazza, M. and Lucci, G. and Pacitti, F. and Pino, M. C. and Mariano, M. and Casacchia, M. and Roncone, R.},
    number      = {5},
    volume      = {20},
    url         = {https://doi.org/10.1080/09602011.2010.486284},
    doi         = {10.1080/09602011.2010.486284},
    date        = {2010},
    pages       = {675--703},
    journal     = {Neuropsychol Rehabil}
}


@article{Medvedev2018,
    title       = {Evaluating short versions of the Five Facet Mindfulness Questionnaire using Rasch analysis},
    author      = {Medvedev, O. N. and Titkova, E. A. and Siegert, R. J. and Hwang, Y.-S. and Kr√§geloh, C. U.},
    number      = {5},
    volume      = {9},
    url         = {https://doi.org/10.1007/s12671-017-0881-0},
    doi         = {10.1007/s12671-017-0881-0},
    date        = {2018},
    pages       = {1411--1422},
    journal     = {Mindfulness}
}


@unpublished{Ostafin,
    author      = {Ostafin, B. D. and Vollbehr, N.}
}


@article{Russell2006,
    title       = {A pilot study to investigate the effectiveness of emotion recognition remediation in schizophrenia using the micro-expression training tool},
    author      = {Russell, T. A. and Chu, E. and Phillips, M. L.},
    number      = {4},
    volume      = {45},
    url         = {http://dx.doi.org/10.1348/014466505X90866},
    doi         = {10.1348/014466505X90866},
    date        = {2006},
    pages       = {579--583},
    journal     = {British Journal of Clinical Psychology}
}


@article{Russell2008,
    title       = {Remediation of facial emotion perception in schizophrenia: concomitant changes in visual attention},
    author      = {Russell, T. A. and Green, M. J. and Simpson, I. and Coltheart, M.},
    number      = {1-3},
    volume      = {103},
    url         = {https://doi.org/10.1016/j.schres.2008.04.033},
    doi         = {10.1016/j.schres.2008.04.033},
    date        = {2008},
    pages       = {248--256},
    journal     = {Schizophrenia Research}
}


@article{Sauer-Zavala2013,
    title       = {Comparing mindfulness-based intervention strategies: {D}ifferential effects of sitting meditation, body scan, and mindful yoga},
    author      = {Sauer-Zavala, S. E. and Walsh, E. C. and Eisenlohr-Moul, T. A. and Lykins, E. L. B.},
    number      = {4},
    volume      = {4},
    url         = {https://doi.org/10.1007/s12671-012-0139-9},
    doi         = {10.1007/s12671-012-0139-9},
    date        = {2013},
    pages       = {383--388},
    journal     = {Mindfulness}
}


@article{Shapiro1998,
    title       = {Effects of mindfulness-based stress reduction on medical and premedical students},
    author      = {Shapiro, S. L. and Schwartz, G. E. and Bonner, G.},
    number      = {6},
    volume      = {21},
    url         = {https://doi.org/10.1023/A:1018700829825},
    doi         = {10.1023/A:1018700829825},
    date        = {1998},
    pages       = {581--599},
    journal     = {Journal of Behavioral Medicine}
}


@article{Tan2014,
    title       = {Brief mindfulness meditation improves mental state attribution and empathizing},
    author      = {Tan, L. B. and Lo, B. C. and Macrae, C. N.},
    number      = {10},
    volume      = {9},
    url         = {https://doi.org/10.1371/journal.pone.0110510},
    doi         = {10.1371/journal.pone.0110510},
    date        = {2014},
    pages       = {110510},
    journal     = {PLoS ONE}
}


@article{Thiel2018,
    title       = {A moderate dose of alcohol selectively reduces empathic accuracy [journal article},
    author      = {Thiel, F. and Ostafin, B. D. and Uppendahl, J. R. and Wichmann, L. J. and Schlosser, M. and aan het Rot, M.},
    number      = {5},
    volume      = {235},
    url         = {https://doi.org/10.1007/s00213-018-4859-y},
    doi         = {10.1007/s00213-018-4859-y},
    date        = {2018},
    pages       = {1479--1486},
    journal     = {Psychopharmacology}
}


@article{Thomson2015,
    title       = {Empathy or science? Empathy explains physical science enrollment for men and women},
    author      = {Thomson, N. D. and Wurtzburg, S. J. and Centifanti, L. C. M.},
    volume      = {40},
    url         = {https://doi.org/10.1016/j.lindif.2015.04.003},
    doi         = {10.1016/j.lindif.2015.04.003},
    date        = {2015},
    pages       = {115--120},
    journal     = {Learning and Individual Differences}
}


@article{Upton2019,
    title       = {Immediate effects of the mindful body scan practice on risk-taking behavior [journal article},
    author      = {Upton, S. R. and Renshaw, T. L.},
    number      = {1},
    volume      = {10},
    url         = {https://doi.org/10.1007/s12671-018-0948-6},
    doi         = {10.1007/s12671-018-0948-6},
    date        = {2019},
    pages       = {78--88},
    journal     = {Mindfulness}
}


@article{Winning2015,
    title       = {Does brief mindfulness training increase empathy? The role of personality},
    author      = {Winning, A. P. and Boag, S.},
    volume      = {86},
    url         = {https://doi.org/10.1016/j.paid.2015.07.011},
    doi         = {10.1016/j.paid.2015.07.011},
    date        = {2015},
    pages       = {492--498},
    journal     = {Personality and Individual Differences}
}


@article{Zaki2008,
    title       = {It takes two: the interpersonal nature of empathic accuracy},
    author      = {Zaki, J. and Bolger, N. and Ochsner, K.},
    number      = {4},
    volume      = {19},
    url         = {https://doi.org/10.1111/j.1467-9280.2008.02099.x},
    doi         = {10.1111/j.1467-9280.2008.02099.x},
    date        = {2008},
    pages       = {399--404},
    journal     = {Psychological Science}
}


@article{Zaki2009,
    title       = {Unpacking the informational bases of empathic accuracy},
    author      = {Zaki, J. and Bolger, N. and Ochsner, K.},
    number      = {4},
    volume      = {9},
    url         = {https://doi.org/10.1037/a0016551},
    doi         = {10.1037/a0016551},
    date        = {2009},
    pages       = {478--487},
    journal     = {Emotion}
}
