
@article{Devezer2019,
  title={Scientific discovery in a model-centric framework: {R}eproducibility, innovation, and epistemic diversity},
  author={Devezer, Berna and Nardin, Luis G and Baumgaertner, Bert and Buzbas, Erkan Ozge},
  journal={PLOS ONE},
  volume={14},
  number={5},
  pages={1--23},
  year={2019},
  doi={https://doi.org/10.1371/journal.pone.0216125},
  publisher={Public Library of Science}
}


@article{Devezer2021,
  title={The case for formal methodology in scientific reform},
  author={Devezer, Berna and Navarro, Danielle J and Vandekerckhove, Joachim and Buzbas, Erkan Ozge},
  journal={Royal Society Open Science},
  volume={8},
  number={3},
  pages={Article 200805},
  year={2021},
  publisher={The Royal Society}
}

@article{Buzbas2023,
  title={The logical structure of experiments lays the foundation for a theory of reproducibility},
  author={Buzbas, Erkan O and Devezer, Berna and Baumgaertner, Bert},
  journal={Royal Society Open Science},
  volume={10},
  number={3},
  pages={221042},
  year={2023},
  publisher={The Royal Society}
}

@article{Penders2022,
  title={Process and bureaucracy: Scientific reform as civilisation},
  author={Penders, Bart},
  journal={Bulletin of Science, Technology \& Society},
  volume={42},
  number={4},
  pages={107--116},
  year={2022},
  publisher={SAGE Publications Sage CA: Los Angeles, CA}
}

@article{Peterson2023,
  title={Metascience as a scientific social movement},
  author={Peterson, David and Panofsky, Aaron},
  journal={Minerva},
  volume={61},
  pages={147-174},
  year={2023},
  publisher={Springer}
}

@Article{Silberzahn2018,
  author  = {R. Silberzahn and E. L. Uhlmann and D. P. Martin and P. Anselmi and F. Aust and E. Awtrey and Š. Bahníkk and F. Bai and C. Bannard and E. Bonnier and R. Carlsson and F. Cheung and G. Christensen and R. Clay and M. A. Craig and A. Dalla Rosa and L. Dam and M. H. Evans and I. Flores Cervantes and N. Fong and M. Gamez-Djokic and A. Glenz and S. Gordon-McKeon and T. J. Heaton and K. Hederos and M. Heene and A. J. Hofelich Mohr and F. Högden and K. Hui and M. Johannesson and J. Kalodimos and E. Kaszubowski and D. M. Kennedy and R. Lei and T. A. Lindsay and S. Liverani and C. R. Madan and D. Molden and E. Molleman and R. D. Morey and L. B. Mulder and B. R. Nijstad and N. G. Pope and B. Pope and J. M. Prenoveau and F. Rink and E. Robusto and H. Roderique and A. Sandberg and E. Schlüter and F. D. Schönbrodt and M. F. Sherman and S. A. Sommer and K. Sotak and S. Spain and C. Spörlein and T. Stafford and L. Stefanutti and S. Tauber and J. Ullrich and M. Vianello and E.-J. Wagenmakers and M. Witkowiak and S. Yoon and \ldots and B. A. Nosek},
  title   = {Many analysts, one data set: {M}aking transparent how variations in analytic choices affect results},
  journal = {Advances in Methods and Practices in Psychological Science},
  year    = {2018},
  volume  = {1},
  number  = {3},
  month   = {aug},
  pages   = {337--356},
  doi     = {https://doi.org/10.1177/2515245917747646},
}

@article{open2015estimating,
  title={Estimating the reproducibility of psychological science},
  author={{Open Science Collaboration}},
  journal={Science},
  volume={349},
  number={6251},
  pages={aac4716},
  year={2015},
  publisher={American Association for the Advancement of Science}
}

@article{breznau2022observing,
  title={Observing many researchers using the same data and hypothesis reveals a hidden universe of uncertainty},
  author={Breznau, Nate and Rinke, Eike Mark and Wuttke, Alexander and Nguyen, Hung HV and Adem, Muna and Adriaans, Jule and Alvarez-Benjumea, Amalia and Andersen, Henrik K and Auer, Daniel and Azevedo, Flavio and Bahnsen, O and Balzer, D and Bauer, G and Baumann, M and Baute, S and Benoit, V and Bernauer, J and Berning, C and \ldots and Zoltak, T},
  journal={Proceedings of the National Academy of Sciences},
  volume={119},
  number={44},
  pages={Article e2203150119},
  year={2022},
  publisher={National Acad Sciences}
}

@article{hoogeveen2022many,
  title={A many-analysts approach to the relation between religiosity and well-being},
  author={Hoogeveen, Suzanne and Sarafoglou, Alexandra and Aczel, Balazs and Aditya, Yonathan and Alayan, Alexandra J and Allen, Peter J and Altay, Sacha and Alzahawi, Shilaan and Amir, Yulmaida and Anthony, Francis-Vincent and Appiah, O K and Atkinson, Q D and Baimel, A and Balkaya-Ince, M and Balsamo, M and Banker, S and Bartos, F and Becerra, M and Beffara, B and \ldots and Wagenmakers, E J},
  journal={Religion, Brain \& Behavior},
  pages={1--47},
  year={2022},
  publisher={Taylor \& Francis}
}

@article{klein2018many,
  title={{Many Labs 2: I}nvestigating variation in replicability across samples and settings},
  author={Klein, Richard A and Vianello, Michelangelo and Hasselman, Fred and Adams, Byron G and Adams Jr, Reginald B and Alper, Sinan and Aveyard, Mark and Axt, Jordan R and Babalola, Mayowa T and Bahník, Štěpán and Batra, R and Berkics, M and Bernstein, M J and Berry, D R and Bialobrzeska, O and Binan, E D and Bocian, K and Brandt, M J and Busching, R and Redei, A C and \ldots and Nosek, B A },
  journal={Advances in Methods and Practices in Psychological Science},
  volume={1},
  number={4},
  pages={443--490},
  year={2018},
  publisher={Sage Publications Sage CA: Los Angeles, CA}
}

@article{klein2022many,
  title={{Many Labs 4}: {F}ailure to replicate mortality salience effect with and without original author involvement},
  author={Klein, Richard A and Cook, Corey L and Ebersole, Charles R and Vitiello, Christine and Nosek, Brian A and Hilgard, Joseph and Ahn, Paul Hangsan and Brady, Abbie J and Chartier, Christopher R and Christopherson, Cody D and Clay, S and Collisson, B and Crawford, J T and Cromar, R and Gardiner, G and Gosnell, C L and Grahe, J and Hall, C and Howard, I and \ldots and Ratliff, K A },
  journal={Collabra: Psychology},
  volume={8},
  number={1},
  pages={35271},
  year={2022},
  publisher={University of California Press}
}

@article{fanelli2022tau,
  title={The" Tau" of Science-How to Measure, Study, and Integrate Quantitative and Qualitative Knowledge},
  author={Fanelli, Daniele},
  year={2022},
  journal={MetaArXiv},
  volume={doi},
  pages={10.31222/osf.io/67sak}
}

@article{fanelli2022metric,
  title={A metric of knowledge as information compression reflects reproducibility predictions in biomedical experiments},
  author={Fanelli, Daniele and Tan, Pedro Batista and Amaral, Olavo Bohrer and Neves, Kleber},
  year={2022},
  journal={MetaArXiv},
  volume={doi},
  pages={10.31222/osf.io/5r36g}
}

@article{smaldino2016natural,
  title={The natural selection of bad science},
  author={Smaldino, Paul E and McElreath, Richard},
  journal={Royal Society open science},
  volume={3},
  number={9},
  pages={160384},
  year={2016},
  publisher={The Royal Society}
}

@article{bak2022replication,
  title={Replication does not measure scientific productivity},
  author={Bak-Coleman, Joseph and Mann, Richard P and West, Jevin and Bergstrom, Carl T},
  year={2022},
  journal={SocArXiv},
    volume={doi},
    pages={10.31235/osf.io/rkyf7}
}

@article{jones2009split,
  title={Split-plot designs: {W}hat, why, and how},
  author={Jones, Bradley and Nachtsheim, Christopher J},
  journal={Journal of quality technology},
  volume={41},
  number={4},
  pages={340--361},
  year={2009},
  publisher={Taylor \& Francis}
}

@article{tao_2007, 
 title={There’s more to mathematics than rigour and proofs}, 
 url={https://terrytao.wordpress.com/career-advice/theres-more-to-mathematics-than-rigour-and-proofs/}, 
 author={Tao, Terence}, 
 year={2007}, 
 month={May},
 volume={https://terrytao.wordpress.com/career-advice/theres-more-to-mathematics-than-rigour-and-proofs/}
 } 
 
@book{bernardosmith2000,
  title={Bayesian Theory},
  author={Bernardo, M. Josè and Smith, A. F. M.},
  year={2000},
  publisher={ Chichester, UK: John Wiley \& Sons Ltd}
 }

