	@article{Bennett2023,
    title       = {A Manifesto for Rewarding and Recognizing Team Infrastructure Roles},
    author      = {Bennett, A. and Garside, D. and Praag, C. G.van and Hostler, T. J. and Garcia, I. K. and Plomp, E. and Schettino, A. and Teplitzky, S. and Ye, H.},
    url         = {https://doi.org/10.36850/mr8},
    doi         = {10.36850/mr8},
    date        = {2023},
    journal     = {Journal of Trial \& Error}
}


@article{Buzbas2023,
    title       = {Tension Between Theory and Practice of Replication},
    author      = {Buzbas, E. O. and Devezer, B.},
    url         = {https://doi.org/10.36850/mr9},
    doi         = {10.36850/mr9},
    date        = {2023},
    journal     = {Journal of Trial \& Error}
}


@article{Devezer2020,
    title       = {The case for formal methodology in scientific reform. Royal},
    author      = {Devezer, B. and Navarro, D. J. and Vandekerckhove, J. and Ozge Buzbas, E.},
    number      = {3},
    volume      = {8},
    date        = {2020},
    pages       = {200805},
    journal     = {Society Open Science}
}


@book{Field2022,
    title       = {Charting the Constellation of Science Reform (Thesis fully internal ({DIV}},
    author      = {Field, S. M.},
    publisher   = {University of Groningen. Groningen},
    date        = {2022},
    pages       = {10 33612 229114775}
}


@article{Field2023,
    title       = {Risk reform, or remain within the academic monolith?},
    author      = {Field, S.},
    volume      = {36},
    date        = {2023},
    pages       = {45--47},
    journal     = {The Psychologist}
}


@article{Hostler2023,
    title       = {The Invisible Workload of Open Research},
    author      = {Hostler, T. J.},
    url         = {https://doi.org/10.36850/mr5},
    doi         = {10.36850/mr5},
    date        = {2023},
    journal     = {Journal of Trial \& Error}
}


@article{Ioannidis2014,
    title       = {How to Make More Published Research True. {PLOS}},
    author      = {Ioannidis, J. P. A.},
    number      = {10},
    volume      = {11},
    date        = {2014},
    pages       = {1001747},
    journal     = {Medicine}
}


@article{John2012,
    title       = {Measuring the prevalence of questionable research practices with incentives for truth telling. Psychological},
    author      = {John, L. K. and Loewenstein, G. and Prelec, D.},
    number      = {5},
    volume      = {23},
    date        = {2012},
    pages       = {524--532},
    journal     = {Science}
}


@article{bib8,
    title       = {Linde article -- still in production}
}


@article{Munafò2017,
    title       = {A manifesto for reproducible science. Nature},
    author      = {Munafò, M. R. and Nosek, B. A. and Bishop, D. V. and Button, K. S. and Chambers, C. D. and Percie du Sert, N. and Ioannidis, J.},
    number      = {1},
    volume      = {1},
    date        = {2017},
    pages       = {1--9},
    journal     = {Human Behaviour}
}


@article{Rubin2023,
    title       = {Questionable Metascience Practices},
    author      = {Rubin, M.},
    url         = {https://doi.org/10.36850/mr4},
    doi         = {10.36850/mr4},
    date        = {2023},
    journal     = {Journal of Trial \& Error}
}


@article{Spellman2018,
    title       = {Science. Stevens'},
    author      = {Spellman, B. A. and Gilbert, E. A. and Corker, K. S.},
    volume      = {5},
    date        = {2018},
    pages       = {1--47},
    journal     = {Handbook of Experimental Psychology and Cognitive Neuroscience}
}


@article{Steltenpohl2023,
    title       = {Rethinking Transparency and Rigor from a Qualitative Open Science Perspective},
    author      = {Steltenpohl, C. N. and Lustick, H. and Meyer, M. S. and Lee, L. E. and Stegenga, S. M. and Reyes, L. S. and Renbarger, R. L.},
    url         = {https://doi.org/10.36850/mr7},
    doi         = {10.36850/mr7},
    date        = {2023},
    journal     = {Journal of Trial \& Error}
}


@article{Thibault2023,
    title       = {Reflections on Preregistration: {C}ore Criteria, Badges, Complementary Workflows},
    author      = {Thibault, R. T. and Pennington, C. R. and Munafò, M. R.},
    url         = {https://doi.org/10.36850/mr6},
    doi         = {10.36850/mr6},
    date        = {2023},
    journal     = {Journal of Trial \& Error}
}


@article{Tiokhin2021,
    author      = {Tiokhin, L. and Panchanathan, K. and Lakens, D. and Vazire, S. and Morgan, T. and Zollman, K.},
    number      = {2},
    volume      = {16},
    date        = {2021},
    pages       = {0246675},
    journal     = {Honest signaling in academic publishing. PloS one}
}


@article{van2023perspectives,
  title={Perspectives on scientific error},
  author={van Ravenzwaaij, Don and Bakker, Marjan and Heesen, Remco and Romero, Felipe and van Dongen, Noah and Cr{\"u}well, Sophia and Field, SM and Held, Leonard and Munaf{\`o}, MR and Pittelkow, Merle-Marie and others},
  journal={Royal Society Open Science},
  volume={10},
  number={7},
  pages={230448},
  year={2023},
  publisher={The Royal Society}
}


@article{Wagenmakers2012,
    title       = {A year of horrors. De Psychonoom},
    author      = {Wagenmakers, E. J.},
    volume      = {27},
    date        = {2012},
    pages       = {12--13}
}