%% LaTeX2e file `bibliography.bib'
%% generated by the `filecontents' environment
%% from source `main' on 2024/09/18.
%%
 @article{Altman1995,
    title       = {Absence of evidence is not evidence of absence},
    author      = {Altman, D. G. and Bland, J. M.},
    number      = {7003},
    volume      = {311},
    url         = {https://doi.org/10.1136/bmj.311.7003.485},
    doi         = {10.1136/bmj.311.7003.485},
    date        = {1995},
    pages       = {485--485},
    journal     = {British Medical Journal}
}


@article{Armstrong2014,
    title       = {When to use the Bonferroni correction},
    author      = {Armstrong, R. A.},
    number      = {5},
    volume      = {34},
    url         = {https://doi.org/10.1111/opo.12131},
    doi         = {10.1111/opo.12131},
    date        = {2014},
    pages       = {502--508},
    journal     = {Ophthalmic and Physiological Optics}
}


@article{Barrett2015,
    title       = {Psychology is not in crisis},
    author      = {Barrett, L. F.},
    url         = {https://www.nytimes.com/2015/09/01/opinion/psychology-is-not-in-crisis.html},
    date        = {2015},
    journal     = {The New York Times}
}


@article{Bender2001,
    title       = {Adjusting for multiple testing—when and how?},
    author      = {Bender, R. and Lange, S.},
    number      = {4},
    volume      = {54},
    url         = {https://doi.org/10.1016/S0895-4356(00)00314-0},
    doi         = {10.1016/S0895-4356(00)00314-0},
    date        = {2001},
    pages       = {343--349},
    journal     = {Journal of Clinical Epidemiology}
}


@article{Benjamin2018,
    title       = {Redefine statistical significance},
    author      = {Benjamin, D. J. and Berger, J. O. and Johannesson, M. and Nosek, B. A. and Wagenmakers, E. J. and Berk, R. and Bollen, K. A. and Brembs, B. and Brown, L. and Camerer, C. and Cesarini, D. and Chambers, C. D. and Clyde, M. and Cook, T. D. and De Boeck, P. and Dienes, Z. and Dreber, A. and Easwaran, K. and Efferson, C. and Johnson, V. E.},
    number      = {1},
    volume      = {2},
    url         = {https://doi.org/10.1038/s41562-017-0189-z},
    doi         = {10.1038/s41562-017-0189-z},
    date        = {2018},
    pages       = {6--10},
    journal     = {Nature Human Behaviour}
}


@article{Bergkvist2020,
    title       = {Preregistration as a way to limit questionable research practice in advertising research},
    author      = {Bergkvist, L.},
    number      = {7},
    volume      = {39},
    url         = {https://doi.org/10.1080/02650487.2020.1753441},
    doi         = {10.1080/02650487.2020.1753441},
    date        = {2020},
    pages       = {1172--1180},
    journal     = {International Journal of Advertising}
}


@article{Berk1995,
    title       = {Statistical inference for apparent populations},
    author      = {Berk, R. A. and Western, B. and Weiss, R. E.},
    volume      = {25},
    url         = {https://doi.org/10.2307/271073},
    doi         = {10.2307/271073},
    date        = {1995},
    pages       = {421--458},
    journal     = {Sociological Methodology}
}


@article{Birnbaum1962,
    title       = {On the foundations of statistical inference},
    author      = {Birnbaum, A.},
    number      = {298},
    volume      = {57},
    url         = {https://doi.org/10.1080/01621459.1962.10480660},
    doi         = {10.1080/01621459.1962.10480660},
    date        = {1962},
    pages       = {269--306},
    journal     = {Journal of the American Statistical Association}
}


@article{Bolles1962,
    title       = {The difference between statistical hypotheses and scientific hypotheses},
    author      = {Bolles, R. C.},
    number      = {3},
    volume      = {11},
    url         = {https://doi.org/10.2466/pr0.1962.11.3.639},
    doi         = {10.2466/pr0.1962.11.3.639},
    date        = {1962},
    pages       = {639--645},
    journal     = {Psychological Reports}
}


@article{Boring1919,
    title       = {Mathematical vs. scientific significance},
    author      = {Boring, E. G.},
    number      = {10},
    volume      = {16},
    url         = {https://doi.org/10.1037/h0074554},
    doi         = {10.1037/h0074554},
    date        = {1919},
    pages       = {335--338},
    journal     = {Psychological Bulletin}
}


@article{Brower1949,
    title       = {The problem of quantification in psychological science},
    author      = {Brower, D.},
    number      = {6},
    volume      = {56},
    url         = {https://doi.org/10.1037/h0061802},
    doi         = {10.1037/h0061802},
    date        = {1949},
    pages       = {325--333},
    journal     = {Psychological Review}
}


@article{Chow1998,
    title       = {Précis of statistical significance: {R}ationale, validity, and utility},
    author      = {Chow, S. L.},
    number      = {2},
    volume      = {21},
    url         = {https://doi.org/10.1017/S0140525X98001162},
    doi         = {10.1017/S0140525X98001162},
    date        = {1998},
    pages       = {169--194},
    journal     = {Behavioral and Brain Sciences}
}


@article{Cook1996,
    title       = {Multiplicity considerations in the design and analysis of clinical trials},
    author      = {Cook, R. J. and Farewell, V. T.},
    number      = {1},
    volume      = {159},
    url         = {http://doi.org/10.2307/2983471},
    doi         = {10.2307/2983471},
    date        = {1996},
    pages       = {93--110},
    journal     = {Journal of the Royal Statistical Society: Series A (Statistics in Society}
}


@article{Cox1958,
    title       = {Some problems connected with statistical inference},
    author      = {Cox, D. R.},
    number      = {2},
    volume      = {29},
    url         = {http://doi.org/10.1214/aoms/1177706618},
    doi         = {10.1214/aoms/1177706618},
    date        = {1958},
    pages       = {357--372},
    journal     = {Annals of Mathematical Statistics}
}


@inbook{Cox2010,
    title       = {Objectivity and conditionality in frequentist inference},
    author      = {Cox, D. R. and Mayo, D. G.},
    editor      = {Mayo, D.G. and Spanos, A.},
    url         = {http://doi.org/10.1017/CBO9780511657528},
    doi         = {10.1017/CBO9780511657528},
    publisher   = {Cambridge University Press},
    date        = {2010},
    pages       = {276--304},
    booktitle     = {Error and inference: Recent exchanges on experimental reasoning, reliability, and the objectivity and rationality of science}
}


@article{DelGiudice2021,
    title       = {A traveler's guide to the multiverse: {P}romises, pitfalls, and a framework for the evaluation of analytic decisions},
    author      = {Del Giudice, M. and Gangestad, S. W.},
    number      = {1},
    volume      = {4},
    url         = {https://doi.org/10.1177/2515245920954925},
    doi         = {10.1177/2515245920954925},
    date        = {2021},
    journal     = {Advances in Methods and Practices in Psychological Science}
}


@article{Dennis2019,
    title       = {Errors in statistical inference under model misspecification: {E}vidence, hypothesis testing, and {AIC}},
    author      = {Dennis, B. and Ponciano, J. M. and Taper, M. L. and Lele, S. R.},
    volume      = {7, Article 372},
    url         = {https://doi.org/10.3389/fevo.2019.00372},
    doi         = {10.3389/fevo.2019.00372},
    date        = {2019},
    journal     = {Frontiers in Ecology and Evolution}
}


@article{Devezer2023,
    title       = {Rigorous exploration in a model-centric science via epistemic iteration},
    author      = {Devezer, B. and Buzbas, E. O.},
    number      = {2},
    volume      = {12},
    url         = {https://doi.org/10.1037/mac0000121},
    doi         = {10.1037/mac0000121},
    date        = {2023},
    pages       = {189--194},
    journal     = {Journal of Applied Research in Memory and Cognition}
}


@article{Devezer2021,
    title       = {The case for formal methodology in scientific reform},
    author      = {Devezer, B. and Navarro, D. J. and Vandekerckhove, J. and Buzbas, E. O.},
    number      = {3},
    volume      = {8},
    url         = {https://doi.org/10.1098/rsos.200805},
    doi         = {10.1098/rsos.200805},
    date        = {2021},
    journal     = {Article 200805. HYPERLINK}
}


@article{Feynman1955,
    title       = {The value of science},
    author      = {Feynman, R. P.},
    number      = {3},
    volume      = {19},
    url         = {https://calteches.library.caltech.edu/1575/1/Science.pdf},
    date        = {1955},
    pages       = {13--15},
    journal     = {Engineering and Science}
}


@book{Firestein2012,
    title       = {Ignorance: {H}ow it drives science},
    author      = {Firestein, S.},
    publisher   = {Oxford University Press},
    date        = {2012}
}


@inbook{Fisher1922,
    title       = {On the mathematical foundations of theoretical statistics},
    author      = {Fisher, R. A.},
    volume      = {222},
    url         = {https://doi.org/10.1098/rsta.1922.0009},
    doi         = {10.1098/rsta.1922.0009},
    date        = {1922},
    pages       = {309--368},
    booktitle     = {Philosophical Transactions of the Royal Society of London. Series A, Containing Papers of a Mathematical or Physical Character}
}


@article{Fisher1926,
    title       = {The arrangement of field experiments},
    author      = {Fisher, R. A.},
    volume      = {33},
    url         = {https://doi.org/10.23637/rothamsted.8v61q},
    doi         = {10.23637/rothamsted.8v61q},
    date        = {1926},
    pages       = {503--515},
    journal     = {Journal of the Ministry of Agriculture}
}


@article{Fisher1930,
    title       = {Inverse probability},
    author      = {Fisher, R. A.},
    number      = {4},
    volume      = {26},
    url         = {https://doi.org/10.1017/S0305004100016297},
    doi         = {10.1017/S0305004100016297},
    date        = {1930},
    pages       = {528--535},
    journal     = {Mathematical Proceedings of the Cambridge Philosophical Society}
}


@book{Fisher1956,
    title       = {Statistical methods and scientific inference},
    author      = {Fisher, R. A.},
    publisher   = {Oliver \& Boyd},
    date        = {1956}
}


@book{Fisher1971,
    title       = {The design of experiments},
    author      = {Fisher, R. A.},
    publisher   = {Hafner Press},
    date        = {1971}
}


@article{Fraser2019,
    title       = {The p-value function and statistical inference},
    author      = {Fraser, D. A. S.},
    number      = {sup1},
    volume      = {73},
    url         = {https://doi.org/10.1080/00031305.2018.1556735},
    doi         = {10.1080/00031305.2018.1556735},
    date        = {2019},
    pages       = {135--147},
    journal     = {The American Statistician}
}


@article{García-Pérez2023,
    title       = {Use and misuse of corrections for multiple testing},
    author      = {García-Pérez, M. A.},
    volume      = {8, Article 100120},
    url         = {https://doi.org/10.1016/j.metip.2023.100120},
    doi         = {10.1016/j.metip.2023.100120},
    date        = {2023},
    journal     = {Methods in Psychology}
}


@article{Gelman2014,
    title       = {The statistical crisis in science},
    author      = {Gelman, A. and Loken, E.},
    volume      = {102, Article 460},
    url         = {http://dx.doi.org/10.1511/2014.111.460},
    doi         = {10.1511/2014.111.460},
    date        = {2014},
    journal     = {American Scientist}
}


@inbook{Gigerenzer1993,
    title       = {The superego, the ego, and the id in statistical reasoning},
    author      = {Gigerenzer, G.},
    editor      = {Keren, G. and Lewis, C.},
    publisher   = {Lawrence Erlbaum Associates},
    date        = {1993},
    pages       = {311--339},
    booktitle     = {A handbook for data analysis in the behavioral sciences: Methodological issues}
}


@article{Gigerenzer2018,
    title       = {Statistical rituals: {T}he replication delusion and how we got there},
    author      = {Gigerenzer, G.},
    number      = {2},
    volume      = {1},
    url         = {https://doi.org/10.1177/2515245918771329},
    doi         = {10.1177/2515245918771329},
    date        = {2018},
    pages       = {198--218},
    journal     = {Advances in Methods and Practices in Psychological Science}
}


@article{Greenland2017,
    title       = {For and against methodologies: {S}ome perspectives on recent causal and statistical inference debates},
    author      = {Greenland, S.},
    volume      = {32},
    url         = {https://doi.org/10.1007/s10654-017-0230-6},
    doi         = {10.1007/s10654-017-0230-6},
    date        = {2017},
    pages       = {3--20},
    journal     = {European Journal of Epidemiology}
}


@article{Greenland2017,
    title       = {Invited commentary: {T}he need for cognitive science in methodology},
    author      = {Greenland, S.},
    number      = {6},
    volume      = {186},
    url         = {https://doi.org/10.1093/aje/kwx259},
    doi         = {10.1093/aje/kwx259},
    date        = {2017},
    pages       = {639--645},
    journal     = {American Journal of Epidemiology}
}


@article{Greenland2021,
    title       = {Analysis goals, error-cost sensitivity, and analysis hacking: {E}ssential considerations in hypothesis testing and multiple comparisons},
    author      = {Greenland, S.},
    number      = {1},
    volume      = {35},
    url         = {https://doi.org/10.1111/ppe.12711},
    doi         = {10.1111/ppe.12711},
    date        = {2021},
    pages       = {8--23},
    journal     = {Paediatric and Perinatal Epidemiology}
}


@article{Greenland2023,
    title       = {Connecting simple and precise p-values to complex and ambiguous realities},
    author      = {Greenland, S.},
    number      = {3},
    volume      = {50},
    url         = {https://doi.org/10.1111/sjos.12645},
    doi         = {10.1111/sjos.12645},
    date        = {2023},
    pages       = {899--914},
    journal     = {Scandinavian Journal of Statistics}
}


@article{Greenland2016,
    title       = {Statistical tests, P values, confidence intervals, and power: {A} guide to misinterpretations},
    author      = {Greenland, S. and Senn, S. J. and Rothman, K. J. and Carlin, J. B. and Poole, C. and Goodman, S. N. and Altman, D. G.},
    volume      = {31},
    url         = {https://doi.org/10.1007/s10654-016-0149-3},
    doi         = {10.1007/s10654-016-0149-3},
    date        = {2016},
    pages       = {337--350},
    journal     = {European Journal of Epidemiology}
}


@article{Hager2013,
    title       = {The statistical theories of Fisher and of Neyman and Pearson: {A} methodological perspective},
    author      = {Hager, W.},
    number      = {2},
    volume      = {23},
    url         = {https://doi.org/10.1177/0959354312465483},
    doi         = {10.1177/0959354312465483},
    date        = {2013},
    pages       = {251--270},
    journal     = {Theory \& Psychology}
}


@article{Haig2009,
    title       = {Inference to the best explanation: {A} neglected approach to theory appraisal in psychology},
    author      = {Haig, B. D.},
    number      = {2},
    volume      = {122},
    url         = {https://doi.org/10.2307/27784393},
    doi         = {10.2307/27784393},
    date        = {2009},
    pages       = {219--234},
    journal     = {The American Journal of Psychology}
}


@book{Haig2018,
    title       = {Method matters in psychology: {E}ssays in applied philosophy of science},
    author      = {Haig, B. D.},
    url         = {https://doi.org/10.1007/978-3-030-01051-5},
    doi         = {10.1007/978-3-030-01051-5},
    publisher   = {Springer},
    date        = {2018}
}


@article{Hancock1996,
    title       = {The quest for α: {D}evelopments in multiple comparison procedures in the quarter century since},
    author      = {Hancock, G. R. and Klockars, A. J.},
    number      = {3},
    volume      = {66},
    url         = {https://doi.org/10.3102/00346543066003269},
    doi         = {10.3102/00346543066003269},
    date        = {1996},
    pages       = {269--306},
    journal     = {Review of Educational Research}
}


@article{Hewes2003,
    title       = {Methods as tools: {A} response to O'Keefe},
    author      = {Hewes, D. E.},
    number      = {3},
    volume      = {29},
    url         = {https://doi.org/10.1111/j.1468-2958.2003.tb00847.x},
    doi         = {10.1111/j.1468-2958.2003.tb00847.x},
    date        = {2003},
    pages       = {448--454},
    journal     = {Human Communication Research}
}


@article{Hitchcock2004,
    title       = {Prediction versus accommodation and the risk of overfitting},
    author      = {Hitchcock, C. and Sober, E.},
    number      = {1},
    volume      = {55},
    url         = {https://doi.org/10.1093/bjps/55.1.1},
    doi         = {10.1093/bjps/55.1.1},
    date        = {2004},
    pages       = {1--34},
    journal     = {British Journal for the Philosophy of Science}
}


@article{Hochberg1987,
    title       = {Multiple comparison procedures},
    author      = {Hochberg, Y. and Tamrane, A. C.},
    url         = {http://doi.org/10.1002/9780470316672},
    doi         = {10.1002/9780470316672},
    date        = {1987},
    journal     = {Wiley}
}


@article{Hurlbert2012,
    title       = {Lopsided reasoning on lopsided tests and multiple comparisons},
    author      = {Hurlbert, S. H. and Lombardi, C. M.},
    number      = {1},
    volume      = {54},
    url         = {https://doi.org/10.1111/j.1467-842X.2012.00652.x},
    doi         = {10.1111/j.1467-842X.2012.00652.x},
    date        = {2012},
    pages       = {23--42},
    journal     = {Australian \& New Zealand Journal of Statistics}
}


@article{John2012,
    title       = {Measuring the prevalence of questionable research practices with incentives for truth telling},
    author      = {John, L. K. and Loewenstein, G. and Prelec, D.},
    number      = {5},
    volume      = {23},
    url         = {https://doi.org/10.1177/0956797611430953},
    doi         = {10.1177/0956797611430953},
    date        = {2012},
    pages       = {524--532},
    journal     = {Psychological Science}
}


@article{Kerr1998,
    title       = {{HARK}ing: {H}ypothesizing after the results are known},
    author      = {Kerr, N. L.},
    number      = {3},
    volume      = {2},
    url         = {http://doi.org/10.1207/s15327957pspr0203\_4},
    doi         = {10.1207/s15327957pspr0203\_4},
    date        = {1998},
    pages       = {196--217},
    journal     = {Personality and Social Psychology Review}
}


@inproceedings{Kim2004,
    title       = {Picking the most likely candidates for further development: {N}ovel intersection-union tests for addressing multi-component hypotheses in comparative genomics},
    author      = {Kim, K. and Zakharkin, S. O. and Loraine, A. and Allison, D. B.},
    url         = {http://www.uab.edu/cngi/pdf/2004/JSM\%202004\%20-IUTs\%20Kim\%20et\%20al.pdf},
    date        = {2004},
    pages       = {1396--1402},
    booktitle     = {Proceedings of the American Statistical Association, ASA Section on ENAR Spring Meeting}
}


@article{undefined2018,
    title       = {Many Labs 2: {I}nvestigating variation in replicability across samples and settings},
    author      = {Klein, R. A., Vianello, M., Hasselman, F., Adams, B. G., Adams Jr, R. B., Alper, S., Aveyard, M., Axt, J. R., Babalola, M. T., Bahník, S., Batra, R., Berkics, M., Bernstein, M. J., Berry, D. R., Bialobrzeska, O., Binan, E. D., Bocian, K., Brandt, M. J., Busching, R., ... \& Sowden, W.},
    number      = {4},
    volume      = {1},
    url         = {https://doi.org/10.1177/2515245918810225},
    doi         = {10.1177/2515245918810225},
    date        = {2018},
    pages       = {443--490},
    journal     = {Advances in Methods and Practices in Psychological Science}
}


@article{Kotzen2013,
    title       = {Multiple studies and evidential defeat},
    author      = {Kotzen, M.},
    number      = {1},
    volume      = {47},
    url         = {http://www.jstor.org/stable/43828821},
    date        = {2013},
    pages       = {154--180},
    journal     = {Noûs}
}


@article{Kriegeskorte2009,
    title       = {Circular analysis in systems neuroscience: {T}he dangers of double dipping},
    author      = {Kriegeskorte, N. and Simmons, W. K. and Bellgowan, P. S. and Baker, C. I.},
    number      = {5},
    volume      = {12},
    url         = {https://doi.org/10.1038/nn.2303},
    doi         = {10.1038/nn.2303},
    date        = {2009},
    pages       = {535--540},
    journal     = {Nature Neuroscience}
}


@book{Kuhn1977,
    title       = {The essential tension: {S}elected studies in the scientific tradition and change},
    author      = {Kuhn, T. S.},
    publisher   = {The University of Chicago Press},
    date        = {1977}
}


@article{Lehmann1993,
    title       = {The Fisher, Neyman-Pearson theories of testing hypotheses: {O}ne theory or two?},
    author      = {Lehmann, E. L.},
    number      = {424},
    volume      = {88},
    url         = {https://doi.org/10.1080/01621459.1993.10476404},
    doi         = {10.1080/01621459.1993.10476404},
    date        = {1993},
    pages       = {1242--1249},
    journal     = {Journal of the American Statistical Association}
}


@article{Lykken1968,
    title       = {Statistical significance in psychological research},
    author      = {Lykken, D. T.},
    number      = {3},
    volume      = {70},
    url         = {https://doi.org/10.1037/h0026141},
    doi         = {10.1037/h0026141},
    date        = {1968},
    pages       = {151--159},
    journal     = {Psychological Bulletin}
}


@article{Mackonis2013,
    title       = {Inference to the best explanation, coherence and other explanatory virtues},
    author      = {Mackonis, A.},
    number      = {6},
    volume      = {190},
    url         = {https://doi.org/10.1007/s11229-011-0054-y},
    doi         = {10.1007/s11229-011-0054-y},
    date        = {2013},
    pages       = {975--995},
    journal     = {Synthese}
}


@article{Maier2022,
    title       = {Justify your alpha: {A} primer on two practical approaches},
    author      = {Maier, M. and Lakens, D.},
    number      = {2},
    volume      = {5},
    url         = {https://doi.org/10.1177/25152459221080396},
    doi         = {10.1177/25152459221080396},
    date        = {2022},
    journal     = {Advances in Methods and Practices in Psychological Science}
}


@article{Matsunaga2007,
    title       = {Familywise error in multiple comparisons: {D}isentangling a knot through a critique of O'Keefe's arguments against alpha adjustment},
    author      = {Matsunaga, M.},
    number      = {4},
    volume      = {1},
    url         = {https://doi.org/10.1080/19312450701641409},
    doi         = {10.1080/19312450701641409},
    date        = {2007},
    pages       = {243--265},
    journal     = {Communication Methods and Measures}
}


@book{Mayo1996,
    title       = {Error and the growth of experimental knowledge},
    author      = {Mayo, D. G.},
    publisher   = {The University of Chicago Press},
    date        = {1996}
}


@article{Mayo2014,
    title       = {On the Birnbaum argument for the strong likelihood principle},
    author      = {Mayo, D. G.},
    volume      = {29},
    url         = {http://doi.org/10.1214/13-STS457},
    doi         = {10.1214/13-STS457},
    date        = {2014},
    pages       = {227--239},
    journal     = {Statistical Science}
}


@book{Mayo2018,
    title       = {Statistical inference as severe testing: {H}ow to get beyond the statistics wars},
    author      = {Mayo, D. G.},
    url         = {http://doi.org/10.1017/9781107286184},
    doi         = {10.1017/9781107286184},
    publisher   = {Cambridge University Press},
    date        = {2018}
}


@article{Mayo2017,
    title       = {A poor prognosis for the diagnostic screening critique of statistical tests},
    author      = {Mayo, D. G. and Morey, R. D.},
    url         = {https://doi.org/10.31219/osf.io/ps38b},
    doi         = {10.31219/osf.io/ps38b},
    date        = {2017},
    journal     = {OSFPreprints}
}


@article{Mayo2006,
    title       = {Severe testing as a basic concept in a Neyman--Pearson philosophy of induction},
    author      = {Mayo, D. G. and Spanos, A.},
    number      = {2},
    volume      = {57},
    url         = {https://doi.org/10.1093/bjps/axl003},
    doi         = {10.1093/bjps/axl003},
    date        = {2006},
    pages       = {323--357},
    journal     = {The British Journal for the Philosophy of Science}
}


@article{undefined2023,
    title       = {Statistical significance" and statistical reporting: {M}oving beyond binary},
    author      = {McShane, B. B., Bradlow, E. T., Lynch, J. G. Jr., \& Meyer, R. J.},
    number      = {3},
    volume      = {88},
    url         = {http://doi.org/10.1177/00222429231216910},
    doi         = {10.1177/00222429231216910},
    date        = {2023},
    pages       = {1--19},
    journal     = {Journal of Marketing}
}


@article{Meehl1978,
    title       = {Theoretical risks and tabular asterisks: {S}ir Karl, Sir Ronald, and the slow progress of soft psychology},
    author      = {Meehl, P. E.},
    number      = {4},
    volume      = {46},
    url         = {https://doi.org/10.1037/0022-006X.46.4.806},
    doi         = {10.1037/0022-006X.46.4.806},
    date        = {1978},
    pages       = {806--834},
    journal     = {Journal of Consulting and Clinical Psychology}
}


@article{Meehl1990,
    title       = {Appraising and amending theories: {T}he strategy of Lakatosian defense and two principles that warrant it},
    author      = {Meehl, P. E.},
    number      = {2},
    volume      = {1},
    url         = {http://www.jstor.org/stable/1448768},
    date        = {1990},
    pages       = {108--141},
    journal     = {Psychological Inquiry}
}


@article{Meehl1990,
    title       = {Why summaries of research on psychological theories are often uninterpretable},
    author      = {Meehl, P. E.},
    number      = {1},
    volume      = {66},
    url         = {https://doi.org/10.2466/pr0.1990.66.1.195},
    doi         = {10.2466/pr0.1990.66.1.195},
    date        = {1990},
    pages       = {195--244},
    journal     = {Psychological Reports}
}


@inbook{Meehl1997,
    title       = {The problem is epistemology, not statistics: {R}eplace significance tests by confidence intervals and quantify accuracy of risky numerical predictions},
    author      = {Meehl, P. E.},
    editor      = {Harlow, L.L. and Mulaik, S.A. and Steiger, J.H.},
    publisher   = {Lawrence Erlbaum Associates},
    date        = {1997},
    pages       = {393--425},
    booktitle     = {What if there were no significance tests?}
}


@article{Merton1987,
    title       = {Three fragments from a sociologist's notebooks: {E}stablishing the phenomenon, specified ignorance, and strategic research materials},
    author      = {Merton, R. K.},
    number      = {1},
    volume      = {13},
    url         = {https://doi.org/10.1146/annurev.so.13.080187.000245},
    doi         = {10.1146/annurev.so.13.080187.000245},
    date        = {1987},
    pages       = {1--29},
    journal     = {Annual Review of Sociology}
}


@article{Molloy2022,
    title       = {Multiplicity adjustments in parallel-group multi-arm trials sharing a control group: {C}lear guidance is needed},
    author      = {Molloy, S. F. and White, I. R. and Nunn, A. J. and Hayes, R. and Wang, D. and Harrison, T. S.},
    volume      = {113, Article 106656},
    url         = {https://doi.org/10.1016/j.cct.2021.106656},
    doi         = {10.1016/j.cct.2021.106656},
    date        = {2022},
    journal     = {Contemporary Clinical Trials}
}


@article{Morgan2007,
    title       = {P value fetishism and use of the Bonferroni adjustment},
    author      = {Morgan, J. F.},
    volume      = {10},
    url         = {http://doi.org/10.1136/ebmh.10.2.34},
    doi         = {10.1136/ebmh.10.2.34},
    date        = {2007},
    pages       = {34--35},
    journal     = {Evidence-Based Mental Health}
}


@article{Munafò2017,
    title       = {A manifesto for reproducible science},
    author      = {Munafò, M. R. and Nosek, B. A. and Bishop, D. V. and Button, K. S. and Chambers, C. D. and Percie du Sert, N. and Simonsohn, U. and Wagenmakers, E. J. and Ware, J. J. and Ioannidis, J.},
    volume      = {1, Article 0021},
    url         = {https://doi.org/10.1038/s41562-016-0021},
    doi         = {10.1038/s41562-016-0021},
    date        = {2017},
    journal     = {Nature Human Behaviour}
}


@article{Musgrave1974,
    title       = {Logical versus historical theories of confirmation},
    author      = {Musgrave, A.},
    number      = {1},
    volume      = {25},
    url         = {https://doi.org/10.1093/bjps/25.1.1},
    doi         = {10.1093/bjps/25.1.1},
    date        = {1974},
    pages       = {1--23},
    journal     = {The British Journal for the Philosophy of Science}
}


@book{Neyman1950,
    title       = {First course in probability and statistics},
    author      = {Neyman, J.},
    publisher   = {Henry Holt},
    date        = {1950}
}


@article{Neyman1977,
    title       = {Frequentist probability and frequentist statistics},
    author      = {Neyman, J.},
    volume      = {36},
    url         = {https://doi.org/10.1007/BF00485695},
    doi         = {10.1007/BF00485695},
    date        = {1977},
    pages       = {97--131},
    journal     = {Synthese}
}


@article{Neyman1928,
    title       = {On the use and interpretation of certain test criteria for purposes of statistical inference: {P}art I},
    author      = {Neyman, J. and Pearson, E. S.},
    number      = {2)},
    volume      = {1},
    url         = {http://},
    doi         = {10.2307/2331945},
    date        = {1928},
    pages       = {175--240},
    journal     = {Biometrika}
}


@article{Neyman1933,
    title       = {{IX}. On the problem of the most efficient tests of statistical hypotheses},
    author      = {Neyman, J. and Pearson, E. S.},
    volume      = {231},
    url         = {https://doi.org/10.1098/rsta.1933.0009},
    doi         = {10.1098/rsta.1933.0009},
    date        = {1933},
    pages       = {289--337},
    journal     = {Philosophical Transactions of the Royal Society A}
}


@article{Nosek2018,
    title       = {The preregistration revolution},
    author      = {Nosek, B. A. and Ebersole, C. R. and DeHaven, A. C. and Mellor, D. T.},
    number      = {11},
    volume      = {115},
    url         = {https://doi.org/10.1073/pnas.1708274114},
    doi         = {10.1073/pnas.1708274114},
    date        = {2018},
    pages       = {2600--2606},
    journal     = {Proceedings of the National Academy of Sciences}
}


@article{Nosek2022,
    title       = {Replicability, robustness, and reproducibility in psychological science},
    author      = {Nosek, B. A. and Hardwicke, T. E. and Moshontz, H. and Allard, A. and Corker, K. S. and Dreber, A. and Fidler, F. and Hilgard, J. and Kline Struhl, M. and Nuijten, M. B. and Rohrer, J. M. and Romero, F. and Scheel, A. M. and Scherer, L. D. and Schönbrodt, F. D. and Vazire, S.},
    volume      = {73},
    url         = {https://doi.org/10.1146/annurev-psych-020821-114157},
    doi         = {10.1146/annurev-psych-020821-114157},
    date        = {2022},
    pages       = {719--748},
    journal     = {Annual Review of Psychology}
}


@article{Nosek2014,
    title       = {Registered reports},
    author      = {Nosek, B. A. and Lakens, D.},
    number      = {3},
    volume      = {45},
    url         = {https://doi.org/10.1027/1864-9335/a000192},
    doi         = {10.1027/1864-9335/a000192},
    date        = {2014},
    pages       = {137--141},
    journal     = {Social Psychology}
}


@article{Oberauer2019,
    title       = {Addressing the theory crisis in psychology},
    author      = {Oberauer, K. and Lewandowsky, S.},
    number      = {5},
    volume      = {26},
    url         = {https://doi.org/10.3758/s13423-019-01645-2},
    doi         = {10.3758/s13423-019-01645-2},
    date        = {2019},
    pages       = {1596--1618},
    journal     = {Psychonomic Bulletin \& Review}
}


@article{Collaboration2015,
    title       = {Estimating the reproducibility of psychological science},
    author      = {Collaboration, Open Science},
    number      = {6251},
    volume      = {349},
    url         = {https://doi.org/10.1126/science.aac4716},
    doi         = {10.1126/science.aac4716},
    date        = {2015},
    journal     = {Science}
}


@article{Parker2020,
    title       = {Non-adjustment for multiple testing in multi-arm trials of distinct treatments: {R}ationale and justification},
    author      = {Parker, R. A. and Weir, C. J.},
    number      = {5},
    volume      = {17},
    url         = {https://doi.org/10.1177/1740774520941419},
    doi         = {10.1177/1740774520941419},
    date        = {2020},
    pages       = {562--566},
    journal     = {Clinical Trials}
}


@article{Parker2022,
    title       = {Multiple secondary outcome analyses: {P}recise interpretation is important},
    author      = {Parker, R. A. and Weir, C. J.},
    volume      = {23},
    url         = {https://doi.org/10.1186/s13063-021-05975-2},
    doi         = {10.1186/s13063-021-05975-2},
    date        = {2022},
    pages       = {27},
    journal     = {Trials}
}


@article{Parker2016,
    title       = {Transparency in ecology and evolution: {R}eal problems, real solutions},
    author      = {Parker, T. H. and Forstmeier, W. and Koricheva, J. and Fidler, F. and Hadfield, J. D. and Chee, Y. E. and Kelly, C. D. and Gurevitch, J. and Nakagawa, S.},
    number      = {9},
    volume      = {31},
    url         = {https://doi.org/10.1016/j.tree.2016.07.002},
    doi         = {10.1016/j.tree.2016.07.002},
    date        = {2016},
    pages       = {711--719},
    journal     = {Trends in Ecology \& Evolution}
}


@article{Perneger1998,
    title       = {What's wrong with Bonferroni adjustments},
    author      = {Perneger, T. V.},
    volume      = {316},
    url         = {https://doi.org/10.1136/bmj.316.7139.1236},
    doi         = {10.1136/bmj.316.7139.1236},
    date        = {1998},
    pages       = {1236--1238},
    journal     = {British Medical Journal}
}


@article{Pollard1987,
    title       = {On the probability of making Type I errors},
    author      = {Pollard, P. and Richardson, J. T.},
    number      = {1},
    volume      = {102},
    url         = {https://doi.org/10.1037/0033-2909.102.1.159},
    doi         = {10.1037/0033-2909.102.1.159},
    date        = {1987},
    pages       = {159--163},
    journal     = {Psychological Bulletin}
}


@book{Popper1962,
    title       = {Conjectures and refutations: {T}he growth of scientific knowledge},
    author      = {Popper, K. R.},
    publisher   = {Basic Books},
    date        = {1962}
}


@book{Popper2002,
    title       = {The logic of scientific discovery},
    author      = {Popper, K. R.},
    publisher   = {Routledge},
    date        = {2002}
}


@article{Redish2018,
    title       = {Reproducibility failures are essential to scientific inquiry},
    author      = {Redish, D. A. and Kummerfeld, E. and Morris, R. L. and Love, A. C.},
    number      = {20},
    volume      = {115},
    url         = {https://doi.org/10.1073/pnas.1806370115},
    doi         = {10.1073/pnas.1806370115},
    date        = {2018},
    pages       = {5042--5046},
    journal     = {Proceedings of the National Academy of Sciences}
}


@book{Reichenbach1938,
    title       = {Experience and prediction: {A}n analysis of the foundations and the structure of knowledge},
    author      = {Reichenbach, H.},
    url         = {https://philarchive.org/archive/REIEAP-2},
    publisher   = {The University of Chicago Press},
    date        = {1938}
}


@article{Reid1995,
    title       = {The roles of conditioning in inference},
    author      = {Reid, N.},
    number      = {2},
    volume      = {10},
    url         = {https://doi.org/10.1214/ss/1177010027},
    doi         = {10.1214/ss/1177010027},
    date        = {1995},
    pages       = {138--157},
    journal     = {Statistical Science}
}


@article{Reid2015,
    title       = {On some principles of statistical inference},
    author      = {Reid, N. and Cox, D. R.},
    number      = {2},
    volume      = {83},
    url         = {http://},
    doi         = {10.1111/insr.12067},
    date        = {2015},
    pages       = {293--308},
    journal     = {International Statistical Review}
}


@article{Rothman1990,
    title       = {No adjustments are needed for multiple comparisons},
    author      = {Rothman, K. J.},
    number      = {1},
    volume      = {1},
    url         = {https://www.jstor.org/stable/20065622},
    date        = {1990},
    pages       = {43--46},
    journal     = {Epidemiology}
}


@book{Rothman2008,
    title       = {Modern epidemiology},
    author      = {Rothman, K. J. and Greenland, S. and Lash, T. L.},
    publisher   = {Lippincott Williams \& Wilkins},
    date        = {2008}
}


@article{Rubin2017,
    title       = {An evaluation of four solutions to the forking paths problem: {A}djusted alpha, preregistration, sensitivity analyses, and abandoning the Neyman-Pearson approach},
    author      = {Rubin, M.},
    number      = {4},
    volume      = {21},
    url         = {https://doi.org/10.1037/gpr0000135},
    doi         = {10.1037/gpr0000135},
    date        = {2017},
    pages       = {321--329},
    journal     = {Review of General Psychology}
}


@article{Rubin2017,
    title       = {Do p values lose their meaning in exploratory analyses? It depends how you define the familywise error rate},
    author      = {Rubin, M.},
    number      = {3},
    volume      = {21},
    url         = {https://doi.org/10.1037/gpr0000123},
    doi         = {10.1037/gpr0000123},
    date        = {2017},
    pages       = {269--275},
    journal     = {Review of General Psychology}
}


@article{Rubin2020,
    title       = {Does preregistration improve the credibility of research findings?},
    author      = {Rubin, M.},
    number      = {4},
    volume      = {16},
    url         = {https://doi.org/10.20982/tqmp.16.4.p376},
    doi         = {10.20982/tqmp.16.4.p376},
    date        = {2020},
    pages       = {376--390},
    journal     = {The Quantitative Methods for Psychology}
}


@article{Rubin2020,
    title       = {Repeated sampling from the same population?” A critique of Neyman and Pearson's responses to Fisher},
    author      = {Rubin, M.},
    volume      = {10, Article 42},
    url         = {https://doi.org/10.1007/s13194-020-00309-6},
    doi         = {10.1007/s13194-020-00309-6},
    date        = {2020},
    pages       = {1--15},
    journal     = {European Journal for Philosophy of Science}
}


@article{Rubin2021,
    title       = {There's no need to lower the significance threshold when conducting single tests of multiple individual hypotheses},
    author      = {Rubin, M.},
    volume      = {610},
    url         = {https://doi.org/10.20935/AL610},
    doi         = {10.20935/AL610},
    date        = {2021},
    journal     = {Academia Letters, Article}
}


@article{Rubin2021,
    title       = {What type of Type I error? Contrasting the Neyman-Pearson and Fisherian approaches in the context of exact and direct replications},
    author      = {Rubin, M.},
    volume      = {198},
    url         = {https://doi.org/10.1007/s11229-019-02433-0},
    doi         = {10.1007/s11229-019-02433-0},
    date        = {2021},
    pages       = {5809--5834},
    journal     = {Synthese}
}


@article{Rubin2021,
    title       = {When to adjust alpha during multiple testing: {A} consideration of disjunction, conjunction, and individual testing},
    author      = {Rubin, M.},
    volume      = {199},
    url         = {https://doi.org/10.1007/s11229-021-03276-4},
    doi         = {10.1007/s11229-021-03276-4},
    date        = {2021},
    pages       = {10969--11000},
    journal     = {Synthese}
}


@article{Rubin2022,
    title       = {The costs of {HARK}ing},
    author      = {Rubin, M.},
    number      = {2},
    volume      = {73},
    url         = {https://doi.org/10.1093/bjps/axz050},
    doi         = {10.1093/bjps/axz050},
    date        = {2022},
    pages       = {535--560},
    journal     = {British Journal for the Philosophy of Science}
}


@article{Rubin2024,
    title       = {Inconsistent multiple testing corrections: {T}he fallacy of using family-based error rates to make inferences about individual hypotheses},
    author      = {Rubin, M.},
    volume      = {10, Article 100140},
    url         = {https://doi.org/10.1016/j.metip.2024.100140},
    doi         = {10.1016/j.metip.2024.100140},
    date        = {2024},
    journal     = {Methods in Psychology}
}


@article{Rubin2022,
    title       = {Exploratory hypothesis tests can be more compelling than confirmatory hypothesis tests},
    author      = {Rubin, M. and Donkin, C.},
    url         = {https://doi.org/10.1080/09515089.2022.2113771},
    doi         = {10.1080/09515089.2022.2113771},
    date        = {2022},
    pages       = {1--29},
    journal     = {Philosophical Psychology}
}


@article{Savitz1995,
    title       = {Multiple comparisons and related issues in the interpretation of epidemiologic data},
    author      = {Savitz, D. A. and Olshan, A. F.},
    number      = {9},
    volume      = {142},
    url         = {https://doi.org/10.1093/oxfordjournals.aje.a117737},
    doi         = {10.1093/oxfordjournals.aje.a117737},
    date        = {1995},
    pages       = {904--908},
    journal     = {American Journal of Epidemiology}
}


@article{Schulz2005,
    title       = {Multiplicity in randomised trials I: {E}ndpoints and treatments},
    author      = {Schulz, K. F. and Grimes, D. A.},
    number      = {9470},
    volume      = {365},
    url         = {https://doi.org/10.1016/S0140-6736(05)66461-6},
    doi         = {10.1016/S0140-6736(05)66461-6},
    date        = {2005},
    pages       = {1591--1595},
    journal     = {The Lancet}
}


@book{Senn2007,
    title       = {Statistical issues in drug development},
    author      = {Senn, S.},
    publisher   = {Wiley},
    date        = {2007}
}


@article{Simmons2011,
    title       = {False-positive psychology: {U}ndisclosed flexibility in data collection and analysis allows presenting anything as significant},
    author      = {Simmons, J. P. and Nelson, L. D. and Simonsohn, U.},
    number      = {11},
    volume      = {22},
    url         = {https://doi.org/10.1177/0956797611417632},
    doi         = {10.1177/0956797611417632},
    date        = {2011},
    pages       = {1359--1366},
    journal     = {Psychological Science}
}


@article{Simonsohn2020,
    title       = {Specification curve analysis},
    author      = {Simonsohn, U. and Simmons, J. P. and Nelson, L. D.},
    number      = {11},
    volume      = {4},
    url         = {https://doi.org/10.1038/s41562-020-0912-z},
    doi         = {10.1038/s41562-020-0912-z},
    date        = {2020},
    pages       = {1208--1214},
    journal     = {Nature Human Behaviour}
}


@article{Sinclair2013,
    title       = {Alpha level adjustments for multiple dependent variable analyses and their applicability—A review},
    author      = {Sinclair, J. and Taylor, P. J. and Hobbs, S. J.},
    number      = {1},
    volume      = {7},
    date        = {2013},
    pages       = {17--20},
    journal     = {International Journal of Sports Science Engineering}
}


@article{Spanos2006,
    title       = {Where do statistical models come from? Revisiting the problem of specification},
    author      = {Spanos, A.},
    volume      = {49},
    url         = {https://doi.org/10.1214/074921706000000419},
    doi         = {10.1214/074921706000000419},
    date        = {2006},
    pages       = {98--119},
    journal     = {Optimality}
}


@article{Spanos2010,
    title       = {Akaike-type criteria and the reliability of inference: {M}odel selection versus statistical model specification},
    author      = {Spanos, A.},
    number      = {2},
    volume      = {158},
    url         = {https://doi.org/10.1016/j.jeconom.2010.01.011},
    doi         = {10.1016/j.jeconom.2010.01.011},
    date        = {2010},
    pages       = {204--220},
    journal     = {Journal of Econometrics}
}


@article{Steegen2016,
    title       = {Increasing transparency through a multiverse analysis},
    author      = {Steegen, S. and Tuerlinckx, F. and Gelman, A. and Vanpaemel, W.},
    number      = {5},
    volume      = {11},
    url         = {https://doi.org/10.1177/1745691616658637},
    doi         = {10.1177/1745691616658637},
    date        = {2016},
    pages       = {702--712},
    journal     = {Perspectives on Psychological Science}
}


@article{Stefan2023,
    title       = {Big little lies: {A} compendium and simulation of p-hacking strategies},
    author      = {Stefan, A. M. and Schönbrodt, F. D.},
    number      = {2},
    volume      = {10},
    url         = {https://doi.org/10.1098/rsos.220346},
    doi         = {10.1098/rsos.220346},
    date        = {2023},
    journal     = {Royal Society Open Science}
}


@article{Syrjänen2023,
    title       = {Novel prediction and the problem of low-quality accommodation},
    author      = {Syrjänen, P.},
    volume      = {202, Article 182},
    url         = {https://doi.org/10.1007/s11229-023-04400-2},
    doi         = {10.1007/s11229-023-04400-2},
    date        = {2023},
    journal     = {Synthese}
}


@article{Szollosi2021,
    title       = {Arrested theory development: {T}he misguided distinction between exploratory and confirmatory research},
    author      = {Szollosi, A. and Donkin, C.},
    number      = {4},
    volume      = {16},
    url         = {https://doi.org/10.1177/1745691620966796},
    doi         = {10.1177/1745691620966796},
    date        = {2021},
    pages       = {717--724},
    journal     = {Perspectives on Psychological Science}
}


@article{Taylor2015,
    title       = {Statistical learning and selective inference},
    author      = {Taylor, J. and Tibshirani, R. J.},
    number      = {25},
    volume      = {112},
    url         = {https://doi.org/10.1073/pnas.1507583112},
    doi         = {10.1073/pnas.1507583112},
    date        = {2015},
    pages       = {7629--7634},
    journal     = {Proceedings of the National Academy of Sciences}
}


@book{Tukey1953,
    title       = {The problem of multiple comparisons},
    author      = {Tukey, J. W.},
    publisher   = {Princeton University},
    date        = {1953}
}


@article{Turkheimer2004,
    title       = {On the logic of hypothesis testing in functional imaging},
    author      = {Turkheimer, F. E. and Aston, J. A. and Cunningham, V. J.},
    volume      = {31},
    url         = {https://doi.org/10.1007/s00259-003-1387-7},
    doi         = {10.1007/s00259-003-1387-7},
    date        = {2004},
    pages       = {725--732},
    journal     = {European Journal of Nuclear Medicine and Molecular Imaging}
}


@article{Uygun-Tunç2023,
    title       = {A falsificationist treatment of auxiliary hypotheses in social and behavioral sciences: {S}ystematic replications framework},
    author      = {Uygun-Tunç, D. and Tunç, M. N.},
    volume      = {7},
    url         = {https://doi.org/10.15626/MP.2021.2756},
    doi         = {10.15626/MP.2021.2756},
    date        = {2023},
    journal     = {Meta-Psychology}
}


@article{Veazie2006,
    title       = {When to combine hypotheses and adjust for multiple tests},
    author      = {Veazie, P. J.},
    number      = {3 pt 1},
    volume      = {41},
    url         = {http://doi.org/10.1111/j.1475-6773.2006.00512.x},
    doi         = {10.1111/j.1475-6773.2006.00512.x},
    date        = {2006},
    pages       = {804--818},
    journal     = {Health Services Research}
}


@book{Venn1876,
    title       = {The logic of chance},
    author      = {Venn, J.},
    publisher   = {Macmillan and Co},
    date        = {1876}
}


@inbook{Wagenmakers2016,
    title       = {Statistical tools such as p-values and confidence intervals are meaningful only for strictly confirmatory analyses},
    author      = {Wagenmakers, E. J.},
    url         = {https://www.psychologicalscience.org/observer/why-preregistration-makes-me-nervous\#comment-7860633},
    date        = {2016-09-01},
    booktitle     = {In turn, preregistration is one}
}


@article{Wagenmakers2012,
    title       = {An agenda for purely confirmatory research},
    author      = {Wagenmakers, E. J. and Wetzels, R. and Borsboom, D. and van der Maas, H. L. and Kievit, R. A.},
    number      = {6},
    volume      = {7},
    url         = {https://doi.org/10.1177/1745691612463078},
    doi         = {10.1177/1745691612463078},
    date        = {2012},
    pages       = {632--638},
    journal     = {Perspectives on Psychological Science}
}


@article{Wasserman2013,
    title       = {Double misunderstandings about p-values. Normal Deviate},
    author      = {Wasserman, L.},
    url         = {https://normaldeviate.wordpress.com/2013/03/14/double-misunderstandings-about-p-values/},
    date        = {2013-03-14}
}


@article{Wilson1962,
    title       = {A note on the inconsistency inherent in the necessity to perform multiple comparisons},
    author      = {Wilson, W.},
    number      = {4},
    volume      = {59},
    url         = {https://doi.org/10.1037/h0040447},
    doi         = {10.1037/h0040447},
    date        = {1962},
    pages       = {296--300},
    journal     = {Psychological Bulletin}
}


@inbook{Worrall2010,
    title       = {Theory confirmation and novel evidence},
    author      = {Worrall, J.},
    editor      = {Mayo, D.G. and Spanos, A.},
    url         = {http://doi.org/10.1017/CBO9780511657528},
    doi         = {10.1017/CBO9780511657528},
    publisher   = {Cambridge University Press},
    date        = {2010},
    pages       = {125--169},
    booktitle     = {Error and inference: Recent exchanges on experimental reasoning, reliability, and the objectivity and rationality of science}
}
