%% LaTeX2e file `bibliography.bib'
%% generated by the `filecontents' environment
%% from source `harjani' on 2023/02/27.
%%


    @article{Lewandowsky2017,
      title       = {Beyond Misinformation: Understanding and Coping with the “Post-Truth" Era},
      author      = {Lewandowsky, S. and Ecker, U. K. H. and Cook, J.},
      number      = {4},
      volume      = {6},
      url         = {https://doi.org/10.1016/j.jarmac.2017.07.008},
      doi         = {10.1016/j.jarmac.2017.07.008},
      year        = {2017},
      pages       = {353--369},
      journal     = {Era. Journal of Applied Research in Memory and Cognition}
  }


  @article{Arun2019,
      title       = {On {WhatsApp}, rumours, lynchings, and the {Indian} Government},
      author      = {Arun, C.},
      number      = {6},
      volume      = {54},
      url         = {https://papers.ssrn.com/sol3/papers.cfm?abstract\_id=3336127},
      year        = {2019},
      pages       = {30--35},
      journal     = {Economic \& Political Weekly}
  }


  @article{Sundar2021,
      title       = {Seeing is believing: Is video modality more powerful in spreading fake news via online messaging apps?},
      author      = {Sundar, S. S. and Molina, M. D. and Cho, E.},
      number      = {6},
      volume      = {26},
      url         = {https://doi.org/10.1093/jcmc/zmab010},
      doi         = {10.1093/jcmc/zmab010},
      year        = {2021},
      pages       = {301--319},
      journal     = {Journal of Computer-Mediated Communication}
  }


  @article{Vasudeva2020,
      title       = {{WhatsApp} in {India}? A case study of social media related lynchings},
      author      = {Vasudeva, F. and Barkdull, N.},
      number      = {5},
      volume      = {26},
      url         = {https://doi-org.ezp.lib.cam.ac.uk/10.1080/13504630.2020.1782730},
      year        = {2020},
      pages       = {574--589},
      journal     = {Social Identities}
  }


  @article{Banaji2019,
      title       = {{WhatsApp} Vigilantes: An exploration of citizen reception and circulation of {WhatsApp} misinformation linked to mob violence in {India}},
      author      = {Banaji, S. and Bhat, R. and Agarwal, A. and Passanha, N. and Sadhana Pravin, M.},
      url         = {http://eprints.lse.ac.uk/104316/},
      year        = {2019}
  }


  @article{Badrinathan2021,
      title       = {Educative Interventions to Combat Misinformation: Evidence From a Field Experiment in India},
      author      = {Badrinathan, S.},
      number      = {4},
      volume      = {115},
      url         = {https://doi.org/10.1017/S0003055421000459},
      doi         = {10.1017/S0003055421000459},
      year        = {2021},
      pages       = {1325--1341},
      journal     = {American Political Science Review}
  }


  @online{Mumo2021,
      title       = {Protecting Burundi's Vulnerable Media. Project Syndicate},
      author      = {Mumo, M.},
      url         = {https://www.project-syndicate.org/commentary/protecting-press-freedom-in-burundi-by-muthoki-mumo-2021-08},
      date        = {2021-08-25}
  }


  @article{Pasquetto2020,
      title       = {Understanding Misinformation on Mobile Instant Messengers (MIMs) in Developing Countries},
      author      = {Pasquetto, I.v and Center, S. and School, H. K. and Jahani, E. and Baranovsky, A. and Baum, M. A.},
      url         = {https://shorensteincenter.org/misinformation-on-mims/},
      year        = {2020}
  }


  @article{Reis2020,
      title       = {Can {WhatsApp} benefit from debunked fact-checked stories to reduce misinformation?},
      author      = {Reis, J. C. S. and Melo, P. and Garimella, K. and Benevenuto, F.},
      number      = {5},
      volume      = {1},
      url         = {https://doi.org/10.37016/mr-2020-035},
      doi         = {10.37016/mr-2020-035},
      year        = {2020},
      journal     = {Harvard Kennedy School Misinformation Review}
  }


  @article{Chibber2018,
      title       = {The Myth of Cote Buying in {India}},
      author      = {Chibber, K. P. and Verma, R.},
      publisher   = {Oxford Academic},
      year        = {2018},
      pages       = {103--130},
      journal     = {Ideology and Identity: The Changing Party Systems of {India}}
  }


  @article{Al-Zaman2021,
      title       = {A Thematic Analysis of Misinformation in {India} during the {COVID}-19 Pandemic},
      author      = {Al-Zaman, M. S.},
      url         = {https://doi.org/10.1080/10572317.2021.1908063},
      doi         = {10.1080/10572317.2021.1908063},
      year        = {2021},
      pages       = {1--11},
      journal     = {International Information and Library Review}
  }


  @article{Ferrara2020,
      title       = {What types of {COVID}-19 conspiracies are populated by Twitter bots?},
      author      = {Ferrara, E.},
      number      = {6},
      volume      = {25},
      url         = {https://doi.org/10.5210/fm.v25i6.10633},
      doi         = {10.5210/fm.v25i6.10633},
      year        = {2020},
      journal     = {First Monday}
  }


  @article{Henrich2010,
      title       = {The weirdest people in the world?},
      author      = {Henrich, J. and Heine, S. J. and Norenzayan, A.},
      number      = {2--3},
      volume      = {33},
      url         = {https://doi.org/10.1017/S0140525X0999152X},
      doi         = {10.1017/S0140525X0999152X},
      year        = {2010},
      pages       = {61--83},
      journal     = {Behavioral and Brain Sciences}
  }


  @article{Rad2018,
      title       = {Toward a psychology of Homo sapiens: Making psychological science more representative of the human population},
      author      = {Rad, M. S. and Martingano, A. J. and Ginges, J.},
      number      = {45},
      volume      = {115},
      url         = {https://doi.org/10.1073/pnas.1721165115},
      doi         = {10.1073/pnas.1721165115},
      year        = {2018},
      pages       = {11401--11405},
      journal     = {Proceedings of the National Academy of Sciences}
  }


  @article{Bhattacharjee2021,
      title       = {Internet Adoption in {India}},
      author      = {Bhattacharjee, B. and Pansari, S. and Dutta, A.},
      url         = {https://images.assettype.com/afaqs/2021-06/b9a3220f-ae2f-43db-a0b4-36a372b243c4/KANTAR\_ICUBE\_2020\_Report\_C1.pdf},
      year        = {2021}
  }


  @article{Kapoor2003,
      title       = {The relationship of individualism--collectivism and self-construals to communication styles in {India} and the {United States}},
      author      = {Kapoor, S. and Hughes, P. C. and Baldwin, J. R. and Blue, J.},
      number      = {6},
      volume      = {27},
      url         = {https://doi.org/10.1016/j.ijintrel.2003.08.002},
      doi         = {10.1016/j.ijintrel.2003.08.002},
      year        = {2003},
      pages       = {683--700},
      journal     = {International Journal of Intercultural Relations}
  }


  @article{Verma2020,
      title       = {The Measurement of Collectivism in {India}},
      author      = {Verma, J. and Triandis, H. C.},
      publisher   = {Swets \& Zeitlinger Publishers},
      year        = {2020},
      pages       = {256--265},
      journal     = {Merging Past, Present, and Future in Cross-Cultural Psychology: Selected papers from the Fourteenth International Congress of the International Association for Cross-Cultural Psychology}
  }


  @article{Rao2013,
      title       = {Globalization and the Identity Remix Among Urban Adolescents in {India}},
      author      = {Rao, M. A. and Berry, R. and Gonsalves, A. and Hastak, Y. and Shah, M. and Roeser, R. W.},
      number      = {1},
      volume      = {23},
      url         = {https://doi.org/10.1111/jora.12002},
      doi         = {10.1111/jora.12002},
      year        = {2013},
      pages       = {9--24},
      journal     = {Journal of Research on Adolescence}
  }


  @book{Vaishnav2019,
      title       = {The BJP in Power: {Indian} Democracy and Religious Nationalism},
      author      = {Vaishnav, M. and Jaffrelot, C. and Mehta, G. and Rej, A. and Shrinivasan, R. and Sagar, R. and Verma, R.},
      url         = {https://carnegieendowment.org/2019/04/04/bjp-in-power-indian-democracy-and-religious-nationalism-pub-78677},
      publisher   = {Carnegie Endowment for International Peace},
      year        = {2019}
  }


  @book{Campbell-Smith2019,
      title       = {Global Cyber Troops Country Profile: {India}},
      author      = {Campbell-Smith, U. and Bradshaw, S.},
      url         = {https://demtech.oii.ox.ac.uk/wp-content/uploads/sites/93/2019/05/India-Profile.pdf},
      publisher   = {Oxford Internet Institute, University of Oxford},
      year        = {2019}
  }


  @article{Ecker2022,
      title       = {The psychological drivers of misinformation belief and its resistance to correction},
      author      = {Ecker, U. K. H. and Lewandowsky, S. and Cook, J. and Schmid, P. and Fazio, L. K. and Brashier, N. and Kendeou, P. and Vraga, E. K. and Amazeen, M. A.},
      number      = {1},
      volume      = {1},
      url         = {https://doi.org/10.1038/s44159-021-00006-y},
      doi         = {10.1038/s44159-021-00006-y},
      year        = {2022},
      pages       = {13--29},
      journal     = {Nature Reviews Psychology}
  }


  @article{vanderLinden2022,
        doi = {10.1038/s41591-022-01713-6},
        url = {https://doi.org/10.1038/s41591-022-01713-6},
        year = 2022,
        month = {mar},
        publisher = {Springer Science and Business Media {LLC}},
        volume = {28},
        number = {3},
        pages = {460--467},
        author = {Sander van der Linden},
        title = {Misinformation: susceptibility, spread, and interventions to immunize the public},
  }

  @article{vanderLinden2017,
        doi = {10.1002/gch2.201600008},
        url = {https://doi.org/10.1002/gch2.201600008},
        year = 2017,
        month = {jan},
        publisher = {Wiley},
        volume = {1},
        number = {2},
        pages = {1600008},
        author = {Sander van der Linden and Anthony Leiserowitz and Seth Rosenthal and Edward Maibach},
        title = {Inoculating the Public against Misinformation about Climate Change},
        journal = {Global Challenges}
  }

@article{vanderLinden2017a,
        doi = {10.1126/science.aar4533},
        url = {https://doi.org/10.1126/science.aar4533},
        year = 2017,
        month = {dec},
        publisher = {American Association for the Advancement of Science ({AAAS})},
        volume = {358},
        number = {6367},
        pages = {1141--1142},
        author = {Sander van der Linden and Edward Maibach and John Cook and Anthony Leiserowitz and Stephan Lewandowsky},
        editor = {Jennifer Sills},
        title = {Inoculating against misinformation},
        journal = {Science}
    }


  @article{Walter2018,
      title       = {How to unring the bell: A meta-analytic approach to correction of misinformation},
      author      = {Walter, N. and Murphy, S. T.},
      number      = {3},
      volume      = {85},
      url         = {https://doi.org/10.1080/03637751.2018.1467564},
      doi         = {10.1080/03637751.2018.1467564},
      year        = {2018},
      pages       = {423--441},
      journal     = {Communication Monographs}
  }


  @article{Clayton2020,
      title       = {Real Solutions for Fake News? Measuring the Effectiveness of General Warnings and Fact-Check Tags in Reducing Belief in False Stories on Social Media},
      author      = {Clayton, K. and Blair, S. and Busam, J. A. and Forstner, S. and Glance, J. and Green, G. and Kawata, A. and Kovvuri, A. and Martin, J. and Morgan, E. and Sandhu, M. and Sang, R. and Scholz-Bright, R. and Welch, A. T. and Wolff, A. G. and Zhou, A. and Nyhan, B.},
      number      = {4},
      volume      = {42},
      url         = {https://doi.org/10.1007/s11109-019-09533-0},
      doi         = {10.1007/s11109-019-09533-0},
      year        = {2020},
      pages       = {1073--1095},
      journal     = {Political Behavior}
  }


  @article{Porter2021,
      title       = {The global effectiveness of fact-checking: Evidence from simultaneous experiments in Argentina, Nigeria, South Africa, and the United Kingdom},
      author      = {Porter, E. and Wood, T. J.},
      number      = {37},
      volume      = {118},
      url         = {https://doi.org/10.1073/pnas.2104235118},
      doi         = {10.1073/pnas.2104235118},
      year        = {2021},
      pages       = {2104235118},
      journal     = {Proceedings of the National Academy of Sciences}
  }


  @article{Lewandowsky2012,
      title       = {Misinformation and Its Correction: Continued Influence and Successful Debiasing},
      author      = {Lewandowsky, S. and Ecker, U. K. H. and Seifert, C. M. and Schwarz, N. and Cook, J.},
      number      = {3},
      volume      = {13},
      url         = {https://doi.org/10.1177/1529100612451018},
      doi         = {10.1177/1529100612451018},
      year        = {2012},
      pages       = {106--131},
      journal     = {Psychological Science in the Public Interest}
  }


  @article{Walter2020,
      title       = {Fact-Checking: A Meta-Analysis of What Works and for Whom},
      author      = {Walter, N. and Cohen, J. and Holbert, R. L. and Morag, Y.},
      number      = {3},
      volume      = {37},
      url         = {https://doi.org/10.1080/10584609.2019.1668894},
      doi         = {10.1080/10584609.2019.1668894},
      year        = {2020},
      pages       = {350--375},
      journal     = {Political Communication}
  }


  @article{Pennycook2018,
      title       = {Prior exposure increases perceived accuracy of fake news},
      author      = {Pennycook, G. and Cannon, T. D. and Rand, D. G.},
      number      = {12},
      volume      = {147},
      url         = {https://doi.org/10.1037/xge0000465},
      doi         = {10.1037/xge0000465},
      year        = {2018},
      pages       = {1865--1880},
      journal     = {Journal of Experimental Psychology: General}
  }


  @article{Swire2017,
      title       = {The role of familiarity in correcting inaccurate information},
      author      = {Swire, B. and Ecker, U. K. H. and Lewandowsky, S.},
      number      = {12},
      volume      = {43},
      url         = {https://doi.org/10.1037/xlm0000422},
      doi         = {10.1037/xlm0000422},
      year        = {2017},
      pages       = {1948--1961},
      journal     = {Journal of Experimental Psychology: Learning, Memory, and Cognition}
  }


  @article{Roozenbeek2019,
      title       = {Fake news game confers psychological resistance against online misinformation},
      author      = {Roozenbeek, J. and van der Linden, S.},
      number      = {1},
      volume      = {5},
      url         = {https://doi.org/10.1057/s41599-019-0279-9},
      doi         = {10.1057/s41599-019-0279-9},
      year        = {2019},
      pages       = {65},
      journal     = {Palgrave Communications}
  }


  @article{Guess2020,
      title       = {A digital media literacy intervention increases discernment between mainstream and false news in the {United States} and {India}},
      author      = {Guess, A. M. and Lerner, M. and Lyons, B. and Montgomery, J. M. and Nyhan, B. and Reifler, J. and Sircar, N.},
      url         = {https://doi.org/10.1073/pnas.1920498117},
      doi         = {10.1073/pnas.1920498117},
      year        = {2020},
      pages       = {15536--15545},
      issue       = {27},
      volume      = {117},
      journal     = {Proceedings of the National Academy of Sciences of the {United States} of America}
  }


  @article{Bowles2020,
      title       = {Countering misinformation via {WhatsApp}: Preliminary evidence from the {COVID}-19 pandemic in Zimbabwe},
      author      = {Bowles, J. and Larreguy, H. and Liu, S.},
      number      = {10},
      volume      = {15},
      url         = {https://doi.org/10.1371/journal.pone.0240005},
      doi         = {10.1371/journal.pone.0240005},
      year        = {2020},
      pages       = {0240005},
      journal     = {PLoS ONE}
  }


  @article{Lewandowsky2021,
      title       = {Countering Misinformation and Fake News Through Inoculation and Prebunking},
      author      = {Lewandowsky, S. and van der Linden, S.},
      number      = {2},
      volume      = {32},
      url         = {https://doi.org/10.1080/10463283.2021.1876983},
      doi         = {10.1080/10463283.2021.1876983},
      year        = {2021},
      pages       = {348--384},
      journal     = {European Review of Social Psychology}
  }


  @article{McGuire1961,
      title       = {Resistance to persuasion conferred by active and passive prior refutation of the same and alternative counterarguments},
      author      = {McGuire, W. J.},
      number      = {2},
      volume      = {63},
      url         = {https://doi.org/10.1037/h0048344},
      doi         = {10.1037/h0048344},
      year        = {1961},
      pages       = {326--332},
      journal     = {The Journal of Abnormal and Social Psychology}
  }


  @article{McGuire1964,
      title       = {Some Contemporary Approaches},
      author      = {McGuire, W. J.},
      volume      = {1},
      url         = {https://doi.org/10.1016/S0065-2601(08)60052-0},
      doi         = {10.1016/S0065-2601(08)60052-0},
      publisher   = {Academic Press},
      year        = {1964},
      pages       = {191--229},
      journal     = {Advances in Experimental Social Psychology}
  }


  @inbook{Compton2012,
      title       = {Inoculation Theory},
      author      = {Compton, J.},
      publisher   = {Sage Publications, Inc},
      year        = {2012},
      pages       = {220--236},
      booktitle   = {The SAGE Handbook of Persuasion: Developments in Theory and Practice}
  }


  @article{Sagarin2002,
      title       = {Dispelling the illusion of invulnerability: The motivations and mechanisms of resistance to persuasion},
      author      = {Sagarin, B. J. and Cialdini, R. B. and Rice, W. E. and Serna, S. B.},
      number      = {3},
      volume      = {83},
      url         = {https://doi.org/10.1037/0022-3514.83.3.526},
      doi         = {10.1037/0022-3514.83.3.526},
      year        = {2002},
      pages       = {526--541},
      journal     = {Journal of Personality and Social Psychology}
  }


  @article{Banas2010,
      title       = {A Meta-Analysis of Research on Inoculation Theory},
      author      = {Banas, J. A. and Rains, S. A.},
      number      = {3},
      volume      = {77},
      url         = {https://doi.org/10.1080/03637751003758193},
      doi         = {10.1080/03637751003758193},
      year        = {2010},
      pages       = {281--311},
      journal     = {Communication Monographs}
  }


  @article{Compton2021,
      title       = {Threat and/in Inoculation Theory},
      author      = {Compton, J.},
      number      = {13},
      volume      = {15},
      url         = {https://ijoc.org/index.php/ijoc/article/view/17634},
      year        = {2021},
      pages       = {4294 -- 4307},
      journal     = {International Journal of Communication (Online}
  }

  @article{Compton2021a,
        doi = {10.1111/spc3.12602},
        url = {https://doi.org/10.1111/spc3.12602},
        year = 2021,
        month = {may},
        publisher = {Wiley},
        volume = {15},
        number = {6},
        author = {Josh Compton and Sander Linden and John Cook and Melisa Basol},
        title = {Inoculation theory in the post-truth era: Extant findings and new frontiers for contested science, misinformation, and conspiracy theories},
        journal = {Social and Personality Psychology Compass}
  }⏎


  @article{Roozenbeek2018,
      title       = {The fake news game: actively inoculating against the risk of misinformation},
      author      = {Roozenbeek, J. and van der Linden, S.},
      number      = {5},
      volume      = {22},
      url         = {https://doi.org/10.1080/13669877.2018.1443491},
      doi         = {10.1080/13669877.2018.1443491},
      year        = {2018},
      pages       = {570--580},
      journal     = {Journal of Risk Research}
  }


  @article{Banas2013,
      title       = {Inducing Resistance to Conspiracy Theory Propaganda: Testing Inoculation and Metainoculation Strategies},
      author      = {Banas, J. A. and Miller, G.},
      number      = {2},
      volume      = {39},
      url         = {https://doi.org/10.1111/hcre.12000},
      doi         = {10.1111/hcre.12000},
      year        = {2013},
      pages       = {184--207},
      journal     = {Human Communication Research}
  }


  @article{Jolley2017,
      title       = {Prevention is better than cure: Addressing anti-vaccine conspiracy theories},
      author      = {Jolley, D. and Douglas, K. M.},
      number      = {8},
      volume      = {47},
      url         = {https://doi.org/10.1111/jasp.12453},
      doi         = {10.1111/jasp.12453},
      year        = {2017},
      pages       = {459--469},
      journal     = {Journal of Applied Social Psychology}
  }


  @article{Cook2017,
      title       = {Neutralizing misinformation through inoculation: Exposing misleading argumentation techniques reduces their influence},
      author      = {Cook, J. and Lewandowsky, S. and Ecker, U. K. H.},
      number      = {5},
      volume      = {12},
      url         = {https://doi.org/10.1371/journal.pone.0175799},
      doi         = {10.1371/journal.pone.0175799},
      year        = {2017},
      pages       = {0175799},
      journal     = {PLOS ONE}
  }


  @article{Basol2020,
      title       = {Good News about Bad News: Gamified Inoculation Boosts Confidence and Cognitive Immunity Against Fake News},
      author      = {Basol, M. and Roozenbeek, J. and van der Linden, S.},
      number      = {1},
      volume      = {3},
      url         = {https://doi.org/10.5334/joc.91},
      doi         = {10.5334/joc.91},
      year        = {2020},
      pages       = {2},
      journal     = {Journal of Cognition}
  }


  @article{Maertens2021,
      title       = {Long-term effectiveness of inoculation against misinformation: Three longitudinal experiments},
      author      = {Maertens, R. and Roozenbeek, J. and Basol, M. and van der Linden, S.},
      number      = {1},
      volume      = {27},
      url         = {https://doi.org/10.1037/xap0000315},
      doi         = {10.1037/xap0000315},
      year        = {2021},
      pages       = {1--16},
      journal     = {Journal of Experimental Psychology: Applied}
  }


  @article{Bonetto2018,
      title       = {Priming Resistance to Persuasion decreases adherence to Conspiracy Theories},
      author      = {Bonetto, E. and Troïan, J. and Varet, F. and Monaco, G. and Girandola, F.},
      number      = {3},
      volume      = {13},
      url         = {https://doi.org/10.1080/15534510.2018.1471415},
      doi         = {10.1080/15534510.2018.1471415},
      year        = {2018},
      pages       = {125--136},
      journal     = {Social Influence}
  }


  @article{Roozenbeek2021,
      title       = {Disentangling Item and Testing Effects in Inoculation Research on Online Misinformation},
      author      = {Roozenbeek, J. and Maertens, R. and McClanahan, W. and van der Linden, S.},
      number      = {2},
      volume      = {81},
      url         = {https://doi.org/10.1177/0013164420940378},
      doi         = {10.1177/0013164420940378},
      year        = {2021},
      pages       = {340--362},
      journal     = {Solomon Revisited. Educational and Psychological Measurement}
  }


  @article{Basol2021,
      title       = {Towards psychological herd immunity: Cross-cultural evidence for two prebunking interventions against {COVID}-19 misinformation},
      author      = {Basol, M. and Roozenbeek, J. and Berriche, M. and Uenal, F. and McClanahan, W. P. and van der Linden, S.},
      number      = {1},
      volume      = {8},
      url         = {https://doi.org/10.1177/20539517211013868},
      doi         = {10.1177/20539517211013868},
      year        = {2021},
      pages       = {205395172110138},
      journal     = {Big Data \& Society}
  }


  @article{Pfau2005,
      title       = {Inoculation and Mental Processing: The Instrumental Role of Associative Networks in the Process of Resistance to Counterattitudinal Influence},
      author      = {Pfau, M. and Ivanov, B. and Houston, B. and Haigh, M. and Sims, J. and Gilchrist, E. and Russell, J. and Wigley, S. and Eckstein, J. and Richert, N.},
      number      = {4},
      volume      = {72},
      url         = {https://doi.org/10.1080/03637750500322578},
      doi         = {10.1080/03637750500322578},
      year        = {2005},
      pages       = {414--441},
      journal     = {Communication Monographs}
  }


  @article{Roozenbeek2020,
      title       = {Breaking Harmony Square: A game that “inoculates” against political misinformation},
      author      = {Roozenbeek, J. and van der Linden, S.},
      number      = {8},
      volume      = {1},
      url         = {https://doi.org/10.37016/mr-2020-4},
      doi         = {10.37016/mr-2020-4},
      year        = {2020},
      journal     = {The Harvard Kennedy School (HKS) Misinformation Review}
  }


  @inproceedings{Goga2015,
      title       = {The doppelgänger bot attack: Exploring identity impersonation in online social networks},
      author      = {Goga, O. and Venkatadri, G. and Gummadi, K. P.},
      url         = {https://doi.org/10.1145/2815675.2815699},
      doi         = {10.1145/2815675.2815699},
      place       = {IMC, Tokyo, Japan},
      date        = {2015-10-28/2015-10-30},
      pages       = {141--153},
      booktitle = {Proceedings of the ACM SIGCOMM Internet Measurement Conference}
  }


  @article{Jung2011,
      title       = {Twittering Away the Right of Publicity: Personality Rights and Twittering Away the Right of Publicity: Personality Rights and Celebrity Impersonation on Social Networking Websites},
      author      = {Jung, A. M.},
      number      = {1},
      volume      = {86},
      url         = {https://scholarship.kentlaw.iit.edu/cklawreview/vol86/iss1/16},
      year        = {2011},
      journal     = {Symposium on Energy Law Article}
  }


  @article{Reznik2013,
      title       = {Identity Theft on Social Networking Sites: Developing Issues of Internet Impersonation},
      author      = {Reznik, M.},
      number      = {2},
      volume      = {29},
      url         = {https://digitalcommons.tourolaw.edu/lawreviewAvailableat:https://digitalcommons.tourolaw.edu/lawreview/vol29/iss2/12https://digitalcommons.tourolaw.edu/lawreview/vol29/iss2/12},
      year        = {2013},
      pages       = {455--483},
      journal     = {Touro Law Review}
  }


  @article{Gross2004,
      title       = {Framing Emotional Response},
      author      = {Gross, K. and Ambrosio, L. D.},
      number      = {1},
      volume      = {25},
      url         = {https://www.jstor.org/stable/3792521},
      year        = {2004},
      pages       = {1--29},
      journal     = {Political Psychology}
  }


  @inbook{Konijn2012,
      title       = {The Role of Emotion in Media Use and Effects},
      author      = {Konijn, E. A.},
      publisher   = {Oxford University Press},
      year        = {2012},
      pages       = {186--211},
      booktitle = {The Oxford Handbook of Media Psychology}
  }


  @article{Zollo2015,
      title       = {Emotional dynamics in the age of misinformation},
      author      = {Zollo, F. and Novak, P. K. and Vicario, M. and Bessi, A. and Mozetič, I. and Scala, A. and Caldarelli, G. and Quattrociocchi, W. and Preis, T.},
      number      = {9},
      volume      = {10},
      url         = {https://doi.org/10.1371/journal.pone.0138740},
      doi         = {10.1371/journal.pone.0138740},
      year        = {2015},
      pages       = {0138740},
      journal     = {PLoS ONE}
  }


  @article{Groenendyk2018,
      title       = {Competing Motives in a Polarized Electorate: Political Responsiveness, Identity Defensiveness, and the Rise of Partisan Antipathy},
      author      = {Groenendyk, E.},
      number      = {S1},
      volume      = {39},
      url         = {https://doi.org/10.1111/pops.12481},
      doi         = {10.1111/pops.12481},
      year        = {2018},
      pages       = {159--171},
      journal     = {Political Psychology}
  }


  @article{Iyengar2018,
      title       = {The Strengthening of Partisan Affect},
      author      = {Iyengar, S. and Krupenkin, M.},
      volume      = {39},
      url         = {https://doi.org/10.1111/pops.12487},
      doi         = {10.1111/pops.12487},
      year        = {2018},
      pages       = {201--218},
      journal     = {Political Psychology}
  }


  @online{BBCMonitoring2021,
      title       = {Israel-Palestinian conflict: False and misleading claims fact-checked},
      author      = {{BBC Monitoring}},
      url         = {https://www.bbc.co.uk/news/57111293},
      date        = {2021-05-16},
      journal     = {BBC News}
  }


  @article{Robb2021,
      title       = {Anatomy of a Fake News Scandal. Rolling Stone},
      author      = {Robb, A.},
      url         = {https://www.rollingstone.com/feature/anatomy-of-a-fake-news-scandal-125877/},
      date        = {2021-11-16}
  }


  @online{McLaughlin2018,
      title       = {How {WhatsApp} Fuels Fake News and Violence in {India}},
      author      = {McLaughlin, T.},
      url         = {https://www.wired.com/story/how-whatsapp-fuels-fake-news-and-violence-in-india/},
      date        = {2018-12-12}
  }


  @online{Findlay2019,
      title       = {{WhatsApp} says {Indian} rules on encryption ‘not possible' to meet},
      author      = {Findlay, S.},
      url         = {https://www.ft.com/content/9fcfa604-2a0d-11e9-88a4-c32129756dd8},
      date        = {2019-02-06},
      journal     = {Financial Times}
  }


  @report{Park2013,
      title       = {British Social Attitudes: the 30th Report},
      author      = {Park, A. and Bryson, C. and Clery, E. and Curtice, J. and Philips, M.},
      publisher   = {NatCen Social Research},
      year        = {2013},
      url         = {https://www.bsa.natcen.ac.uk/latest-report/british-social-attitudes-30/key-findings/introduction.aspx}
  }


  @article{Adewole2017,
      title       = {Malicious accounts: Dark of the social networks},
      author      = {Adewole, K. S. and Anuar, N. B. and Kamsin, A. and Varathan, K. D. and Razak, S. A.},
      volume      = {79},
      url         = {https://doi.org/10.1016/j.jnca.2016.11.030},
      doi         = {10.1016/j.jnca.2016.11.030},
      year        = {2017},
      pages       = {41--67},
      journal     = {Journal of Network and Computer Applications}
  }


  @article{Rathje2021,
      title       = {Out-group animosity drives engagement on social media. Proceedings of the National Academy of Sciences, 118(26},
      author      = {Rathje, S. and Bavel, J. J. and van der Linden, S.},
      url         = {https://doi.org/10.1073/pnas.2024292118},
      doi         = {10.1073/pnas.2024292118},
      year        = {2021},
      pages       = {2024292118}
  }


  @article{Melki2014,
      title       = {Ideological polarization and the media},
      author      = {Melki, M. and Pickering, A.},
      number      = {1},
      volume      = {125},
      url         = {https://doi.org/10.1016/j.econlet.2014.08.008},
      doi         = {10.1016/j.econlet.2014.08.008},
      year        = {2014},
      pages       = {36--39},
      journal     = {Economics Letters}
  }


  @article{Lakens2018,
      title       = {Equivalence Testing for Psychological Research: A Tutorial},
      author      = {Lakens, D. and Scheel, A. M. and Isager, P. M.},
      number      = {2},
      volume      = {1},
      url         = {https://doi.org/10.1177/2515245918770963},
      doi         = {10.1177/2515245918770963},
      year        = {2018},
      pages       = {259--269},
      journal     = {Advances in Methods and Practices in Psychological Science}
  }


  @article{Dienes2014,
      title       = {Using Bayes to get the most out of non-significant results},
      author      = {Dienes, Z.},
      volume      = {5},
      url         = {https://doi.org/10.3389/fpsyg.2014.00781},
      doi         = {10.3389/fpsyg.2014.00781},
      year        = {2014},
      pages       = {781},
      journal     = {Frontiers in Psychology}
  }


  @article{Iyengar2022,
      title       = {Inoculation against conspiracy theories: A consumer side approach to {India}'s fake news problem},
      author      = {Iyengar, A. and Gupta, P. and Priya, N.},
      url         = {https://doi.org/},
      doi         = {10.1002/acp.3995},
      year        = {2022},
      journal     = {Applied Cognitive Psychology}
  }


  @article{Basol2022,
      title       = {Gamified inoculation against misinformation on {WhatsApp}},
      author      = {Basol, M. and Roozenbeek, J. and van der Linden, S.},
      publisher   = {Department of Psychology, University of Cambridge},
      date        = {2022-05-19}
  }


  @article{Traberg2022,
      title       = {Psychological inoculation against misinformation: Current Evidence and Future Directions},
      author      = {Traberg, C. and Roozenbeek, J. and van der Linden, S.},
      volume      = {700},
      year        = {2022},
      journal     = {The ANNALS of the American Academy of Political and Social Science}
  }


  @article{Medeiros2021,
      title       = {Addressing misinformation on {WhatsApp} in {India} through intermediary liability policy, platform design modification, and media literacy},
      author      = {Medeiros, B. and Singh, P.},
      volume      = {10},
      url         = {https://doi.org/10.5325/JINFOPOLI.10.2020.0276},
      doi         = {10.5325/JINFOPOLI.10.2020.0276},
      publisher   = {Penn State University Press},
      year        = {2021},
      pages       = {276--298},
      journal     = {Journal of Information Policy}
  }


  @article{Ivanov2022,
      title       = {The Role of Threat and Counterarguing in Therapeutic Inoculation},
      author      = {Ivanov, B. and Rains, S. A. and Dillingham, L. L. and Parker, K. A. and Geegan, S. A. and Barbati, J. L.},
      number      = {1},
      volume      = {87},
      url         = {https://doi.org/10.1080/1041794X.2021.1983012},
      doi         = {10.1080/1041794X.2021.1983012},
      year        = {2022},
      pages       = {15--27},
      journal     = {Southern Communication Journal}
  }


  @article{Wood2007,
      title       = {Rethinking the Inoculation Analogy: Effects on Subjects With Differing Preexisting Attitudes},
      author      = {Wood, M. L. M.},
      number      = {3},
      volume      = {33},
      url         = {https://doi.org/10.1111/j.1468-2958.2007.00303.x},
      doi         = {10.1111/j.1468-2958.2007.00303.x},
      year        = {2007},
      pages       = {357--378},
      journal     = {Human Communication Research}
  }


  @article{Banas2017,
      title       = {Apprehension or motivation to defend attitudes? Exploring the underlying threat mechanism in inoculation-induced resistance to persuasion},
      author      = {Banas, J. A. and Richards, A. S.},
      number      = {2},
      volume      = {84},
      url         = {https://doi.org/10.1080/03637751.2017.1307999},
      doi         = {10.1080/03637751.2017.1307999},
      year        = {2017},
      pages       = {164--178},
      journal     = {Communication Monographs}
  }


  @article{Kwan2016,
      title       = {Anger and perception of unfairness and harm: Cultural differences in normative processes that justify sanction assignment},
      author      = {Kwan, L. Y.-Y.},
      number      = {1},
      volume      = {19},
      url         = {https://doi.org/10.1111/ajsp.12119},
      doi         = {10.1111/ajsp.12119},
      year        = {2016},
      pages       = {6--15},
      journal     = {Asian Journal of Social Psychology}
  }


  @article{Lim2004,
      title       = {Cross Cultural Differences in Online Learning Motivation},
      author      = {Lim, D. H.},
      number      = {2},
      volume      = {41},
      url         = {https://doi.org/10.1080/09523980410001685784},
      doi         = {10.1080/09523980410001685784},
      year        = {2004},
      pages       = {163--175},
      journal     = {Educational Media International}
  }


  @article{Matsumoto2008,
      title       = {Culture, emotion regulation, and adjustment},
      author      = {Matsumoto, D. and Yoo, S. H. and Nakagawa, S.},
      number      = {6},
      volume      = {94},
      url         = {https://doi.org/10.1037/0022-3514.94.6.925},
      doi         = {10.1037/0022-3514.94.6.925},
      year        = {2008},
      pages       = {925--937},
      journal     = {Journal of Personality and Social Psychology}
  }


  @article{Mesquita2003,
      title       = {Cultural differences in emotions: a context for interpreting emotional experiences},
      author      = {Mesquita, B. and Walker, R.},
      number      = {7},
      volume      = {41},
      url         = {https://doi.org/10.1016/S0005-7967(02)00189-4},
      doi         = {10.1016/S0005-7967(02)00189-4},
      year        = {2003},
      pages       = {777--793},
      journal     = {Behaviour Research and Therapy}
  }


  @article{EncyclopaediaBritannica2012,
      title       = {Santhal},
      author      = {{The Editors of Encyclopaedia Britannica}},
      url         = {https://www.britannica.com/topic/Santhal},
      date        = {2012-07-19},
      journal     = {{Encyclopaedia Britannica}}
  }


  @online{India2016,
      title       = {Rural and Urban Composition of Population -- Census 2011 and 2011},
      author      = {{Government of India}},
      url         = {https://data.gov.in/resource/rural-and-urban-composition-population-census-2001-and-2011},
      year        = {2016}
  }


  @article{Shahid2022,
      title       = {Examining Source Effects Perceptions of Fake News in {India}},
      author      = {Shahid, F. and Mare, S. and Vashistha, A.},
      number      = {CSW1, 89},
      volume      = {6},
      url         = {https://doi.org/10.1145/3512936},
      doi         = {10.1145/3512936},
      year        = {2022},
      pages       = {1--29},
      journal     = {Proceedings of the ACM on Human-Computer Interaction}
  }


  @online{Mothkoor2021,
      title       = {The digital dream: Upskilling {India} for the future},
      author      = {Mothkoor, V. and Mumtaz, F.},
      url         = {https://www.ideasforindia.in/topics/governance/the-digital-dream-upskilling-india-for-the-future.html\#:\textasciitilde{}:text=Digital\%20literacy\%20levels\%20in\%20India\&text=Based\%20on\%20the\%20above\%20definition,just\%2025\%25\%20in\%20rural\%20areas.},
      date        = {2021-03-23}
  }


  @article{Rowntree2020,
      title       = {The Mobile Gender Gap Report 2020},
      author      = {Rowntree, O. and Shahnan, M. and Bahia, K. and Butler, C. and Lindsey, D. and Sibthorpe, C.},
      url         = {https://www.gsma.com/mobilefordevelopment/wp-content/uploads/2020/05/GSMA-The-Mobile-Gender-Gap-Report-2020.pdf},
      year        = {2020}
  }


  @article{Pogorelskiy2017,
      title       = {News Sharing and Voting on Social Networks: An Experimental Study},
      author      = {Pogorelskiy, K. and Shum, M.},
      url         = {https://doi.org/10.2139/ssrn.2972231},
      doi         = {10.2139/ssrn.2972231},
      year        = {2017},
      journal     = {SSRN Electronic Journal}
  }


  @article{Sircar2019,
      title       = {Dilemmas and Challenges of Citizen Information Campaigns: Lessons from a Failed Experiment in {India}},
      author      = {Sircar, N. and Chauchard, S.},
      url         = {https://doi.org/10.1017/9781108381390.011},
      doi         = {10.1017/9781108381390.011},
      publisher   = {Cambridge University Press},
      year        = {2019},
      pages       = {287--312},
      journal     = {Information, Accountability, and Cumulative Learning}
  }


  @article{Deshmukh2019,
      title       = {Methodological issues and Problems of Conducting Surveys in {India}. A Commentary by the {Indian} ISSP Partner Organization},
      author      = {Deshmukh, Y.},
      number      = {5-6},
      volume      = {49},
      url         = {https://doi.org/10.1080/00207659.2019.1683286},
      doi         = {10.1080/00207659.2019.1683286},
      year        = {2019},
      pages       = {400--411},
      journal     = {International Journal of Sociology}
  }


  @article{Ghai2021,
      title       = {It's time to reimagine sample diversity and retire the WEIRD dichotomy},
      author      = {Ghai, S.},
      number      = {8},
      volume      = {5},
      url         = {https://doi.org/10.1038/s41562-021-01175-9},
      doi         = {10.1038/s41562-021-01175-9},
      year        = {2021},
      pages       = {971--972},
      journal     = {Nature Human Behaviour}
  }

  
