@article{Aguinis2014,
  author = {Aguinis, H. and Bradley, K. J.},
  date = {2014},
  title = {Best practice recommendations for designing and implementing experimental vignette methodology studies},
  volume = {17},
  pages = {351–371},
  url = {https://doi.org/10.1177/1094428114547952},
  doi = {10.1177/1094428114547952},
  journal = {Organizational Research Methods},
  number = {4}
}

@misc{Andersen2018,
  author = {Andersen, S. and James, O. and Jilke, S.},
  date = {2018},
  title = {Does work effort for public versus private organizations differ? {E}vidence from an online work task experiment: Pre-registration},
  note = {Retrieved from},
  url = {https://www.socialscienceregistry.org/trials/3361}
}

@article{Bock2002,
  author = {Bock, G. W. and Kim, Y. G.},
  date = {2002},
  title = {Breaking the myths of rewards: An exploratory study of attitudes about knowledge sharing},
  volume = {15},
  pages = {14–21},
  journal = {Information Resources Management Journal},
  number = {2}
}

@article{Bryman2006,
  author = {Bryman, A.},
  date = {2006},
  title = {Integrating quantitative and qualitative research: How is it done?},
  volume = {6},
  pages = {97–113},
  url = {https://doi.org/10.1177/1468794106058877},
  doi = {10.1177/1468794106058877},
  journal = {Qualitative Research},
  number = {1}
}

@article{Charness2018,
  author = {Charness, G. and Gneezy, U. and Henderson, A.},
  date = {2018},
  title = {Experimental methods: Measuring effort in economics experiments},
  volume = {149},
  pages = {74–87},
  url = {https://doi.org/10.1016/j.jebo.2018.02.024},
  doi = {10.1016/j.jebo.2018.02.024},
  journal = {Journal of Economic Behavior \& Organization}
}

@article{Charness2018b,
  author = {Charness, G. and Grieco, D.},
  date = {2018},
  title = {Creativity and incentives},
  volume = {134},
  pages = {48},
  url = {https://doi.org/10.1093/jeea/jvx055},
  doi = {10.1093/jeea/jvx055},
  journal = {Journal of the European Economic Association},
  number = {1}
}
@article{Christensen-Szalanski1980,
  author = {Christensen-Szalanski, J. J.J.},
  date = {1980},
  title = {A further examination of the selection of problem-solving strategies: The effects of deadlines and analytic aptitudes},
  volume = {25},
  pages = {107–122},
  url = {https://doi.org/10.1016/0030-5073(80)90028-8},
  doi = {10.1016/0030-5073(80)90028-8},
  journal = {Organizational Behavior and Human Performance},
  number = {1}
}
@article{Converse1984,
  author = {Converse, J. M.},
  date = {1984},
  title = {Strong arguments and weak evidence: The open/closed questioning controversy of the 1940s},
  volume = {48},
  pages = {267–282},
  url = {https://doi.org/10.1093/poq/48.1B.267},
  doi = {10.1093/poq/48.1B.267},
  journal = {Public Opinion Quarterly},
  number = {1B}
}
@article{Dewasiri2018,
  author = {Dewasiri, N. J. and Weerakoon, Y. K.B. and Azeez, A. A.},
  date = {2018},
  title = {Mixed methods in finance research},
  volume = {17},
  pages = {160940691880173},
  url = {https://doi.org/10.1177/1609406918801730},
  doi = {10.1177/1609406918801730},
  journal = {International Journal of Qualitative Methods},
  number = {1}
}
@article{Dutcher2015,
  author = {Dutcher, G. and Salmon, T. and Saral, K. J.},
  date = {2015},
  title = {Is "real" effort more real?},
  url = {https://doi.org/10.2139/ssrn.2701793},
  doi = {10.2139/ssrn.2701793},
  journal = {SSRN Electronic Journal. Advance online publication}
}
@misc{Fischer2018,
  author = {Fischer, C.},
  date = {2018},
  title = {Fostering Knowledge Sharing Behavior: preregistration},
  url = {https://osf.io/r5jws/}
}
@article{Friborg2013,
  author = {Friborg, O. and Rosenvinge, J. H.},
  date = {2013},
  title = {A comparison of open-ended and closed questions in the prediction of mental health},
  volume = {47},
  pages = {1397–1411},
  url = {https://doi.org/10.1007/s11135-011-9597-8},
  doi = {10.1007/s11135-011-9597-8},
  journal = {Quality \& Quantity},
  number = {3}
}
@article{Galesic2009,
  author = {Galesic, M. and Bosnjak, M.},
  date = {2009},
  title = {Effects of questionnaire length on participation and indicators of response quality in a web survey},
  volume = {73},
  pages = {349–360},
  url = {https://doi.org/10.1093/poq/nfp031},
  doi = {10.1093/poq/nfp031},
  journal = {Public Opinion Quarterly},
  number = {2}
}
@article{Gneezy2006,
  author = {Gneezy, U. and List, J. A.},
  date = {2006},
  title = {Putting behavioral economics to work: Testing for gift exchange in labor markets using field experiments},
  volume = {74},
  pages = {1365–1384},
  url = {https://doi.org/10.1111/j.1468-0262.2006.00707.x},
  doi = {10.1111/j.1468-0262.2006.00707.x},
  journal = {Econometrica},
  number = {5}
}
@article{Greenfield2006,
  author = {Greenfield, T. K. and Nayak, M. B. and Bond, J. and Ye, Y. and Midanik, L. T.},
  date = {2006},
  title = {Maximum quantity consumed and alcohol-related problems: Assessing the most alcohol drunk with two measures},
  volume = {30},
  pages = {1576–1582},
  url = {https://doi.org/10.1111/j.1530-0277.2006.00189.x},
  doi = {10.1111/j.1530-0277.2006.00189.x},
  journal = {Alcoholism, Clinical and Experimental Research},
  number = {9}
}
@misc{Gwet2014,
  author = {Gwet, K. L.},
  date = {2014},
  title = {Handbook of inter-rater reliability: The definitive guide to measuring the extent of agreement among raters},
  edition = {4th},
  address = {Advanced Analytics, LLC}
}
@book{James2017,
  title = {Experiments in public management research: Challenges and Contributions},
  editor = {James, O. and Jilke, S. R. and Ryzin, G. G.},
  date = {2017},
  publisher = {Cambridge University Press}
}
@article{Lin2007,
  author = {Lin, H. F. and Suneson, K.},
  date = {2007},
  title = {Effects of extrinsic and intrinsic motivation on employee knowledge sharing intentions’},
  volume = {33},
  pages = {135–49 , ,},
  journal = {Journal of Information Science},
  number = {2}
}
@article{Paulin2012,
  author = {Paulin, D. and Suneson, K.},
  date = {2012},
  title = {Knowledge transfer, knowledge sharing and knowledge barriers–three blurry terms in KM},
  volume = {10},
  pages = {81–91},
  journal = {The Electronic Journal of Knowledge Management},
  number = {1}
}

@article{Rossman1985,
  author = {Rossman, G. B. and Wilson, B. L.},
  date = {1985},
  title = {Numbers and words},
  volume = {9},
  pages = {627–643},
  url = {https://doi.org/10.1177/0193841X8500900505},
  doi = {10.1177/0193841X8500900505},
  journal = {Evaluation Review},
  number = {5}
}
@article{Schuman1979,
  author = {Schuman, H. and Presser, S.},
  date = {1979},
  title = {The open and closed question},
  volume = {44},
  pages = {692},
  url = {https://doi.org/10.2307/2094521},
  doi = {10.2307/2094521},
  journal = {American Sociological Review},
  number = {5}
}
@article{Schwarz1999,
  author = {Schwarz, N.},
  date = {1999},
  title = {Self-reports: How the questions shape the answers},
  volume = {54},
  pages = {93–105},
  url = {https://doi.org/10.1037/0003-066X.54.2.93},
  doi = {10.1037/0003-066X.54.2.93},
  journal = {American Psychologist},
  number = {2}
}
@article{Schwarz2001,
  author = {Schwarz, N. and Oyserman, D.},
  date = {2001},
  title = {Asking questions about behavior: Cognition, communication, and questionnaire construction},
  volume = {22},
  pages = {127–160},
  url = {https://doi.org/10.1016/S1098-2140(01)00133-3},
  doi = {10.1016/S1098-2140(01)00133-3},
  journal = {The American Journal of Evaluation},
  number = {2}
}
@article{Singer2017,
  author = {Singer, E. and Couper, M. P.},
  date = {2017},
  title = {Some methodological uses of responses to open questions and other verbatim comments in quantitative surveys},
  volume = {11},
  pages = {1–19},
  url = {https://doi.org/10.12758/mda.2017.01},
  doi = {10.12758/mda.2017.01},
  journal = {Methods, Data, Analyses},
  number = {2}
}
@article{Wang2011,
  author = {Wang, S. and Noe, R. A. and Wang, Z. M.},
  date = {2011},
  title = {Motivating knowledge sharing in knowledge management systems},
  volume = {40},
  pages = {978–1009},
  url = {https://doi.org/10.1177/0149206311412192},
  doi = {10.1177/0149206311412192},
  journal = {Journal of Management},
  number = {4}
}
@article{Witherspoon2013,
  author = {Witherspoon, C. L. and Bergner, J. and Cockrell, C. and Stone, D. N.},
  date = {2013},
  title = {Antecedents of organizational knowledge sharing: A meta‐analysis and critique},
  volume = {17},
  pages = {250–277},
  url = {https://doi.org/10.1108/13673271311315204},
  doi = {10.1108/13673271311315204},
  journal = {Journal of Knowledge Management},
  number = {2}
}
