%% LaTeX2e file `bibliography.bib'
%% generated by the `filecontents' environment
%% from source `rubin' on 2023/04/24.
%%
 @article{Allum2023,
    title       = {Researchers on research integrity: a survey of {European and American} researchers},
    author      = {Allum, N. and Reid, A. and Bidoglia, M. and Gaskell, G. and Aubert-Bonn, N. and Buljan, I. and Veltri, G.},
    number      = {187},
    volume      = {12},
    url         = {https://doi.org/10.12688/f1000research.128733.1},
    doi         = {10.12688/f1000research.128733.1},
    date        = {2023},
    pages       = {187},
    journal     = {F1000Research}
}


@article{Altenmüller2021,
    title       = {No harm in being self-corrective: Self-criticism and reform intentions increase researchers’ epistemic trustworthiness and credibility in the eyes of the public},
    author      = {Altenmüller, M. S. and Nuding, S. and Gollwitzer, M.},
    number      = {8},
    volume      = {30},
    url         = {https://doi.org/10.1177/09636625211022181},
    doi         = {10.1177/09636625211022181},
    date        = {2021},
    pages       = {962–976},
    journal     = {Public Understanding of Science}
}


@article{Andreoletti2020,
    title       = {Replicability crisis and scientific reforms: Overlooked issues and unmet challenges},
    author      = {Andreoletti, M.},
    number      = {3},
    volume      = {33},
    url         = {https://doi.org/10.1080/02698595.2021.1943292},
    doi         = {10.1080/02698595.2021.1943292},
    date        = {2020},
    pages       = {135–151},
    journal     = {International Studies in the Philosophy of Science}
}


@book{Anonymous2021,
    title       = {It’s 2021... and we are still dealing with misogyny in the name of open science},
    author      = {Anonymous},
    url         = {https://blogs.sussex.ac.uk/psychology/2021/11/25/its-2021-and-we-are-still-dealing-with-misogyny-in-the-name-of-open-science/},
    publisher   = {University of Sussex School of Psychology Blog},
    date        = {2021-11-25}
}



@article{Asendorpf2013,
        doi = {10.1002/per.1919},
        url = {https://doi.org/10.1002/per.1919},
        year = 2013,
        month = {mar},
        publisher = {{SAGE} Publications},
        volume = {27},
        number = {2},
        pages = {108--119},
        author = {Jens B. Asendorpf and Mark Conner and Filip De Fruyt and Jan De Houwer and Jaap J. A. Denissen and Klaus Fiedler and Susann Fiedler and David C. Funder and Reinhold Kliegl and Brian A. Nosek and Marco Perugini and Brent W. Roberts and Manfred Schmitt and Marcel A. G. Van Aken and Hannelore Weber and Jelte M. Wicherts},
        title = {Recommendations for Increasing Replicability in Psychology},
        journal = {European Journal of Personality}
}

@article{Bak-Coleman2022,
    title       = {Replication does not measure scientific productivity},
    author      = {Bak-Coleman, J. B. and Mann, R. P. and West, J. and Bergstrom, C. T.},
    url         = {https://doi.org/10.31235/osf.io/rkyf7},
    doi         = {10.31235/osf.io/rkyf7},
    date        = {2022-04-28}
}


@article{Barrett2015,
    title       = {Psychology is not in crisis},
    author      = {Barrett, L. F.},
    url         = {https://www3.nd.edu/~ghaeffel/ScienceWorks.pdf},
    date        = {2015-09-01},
    journal     = {The New York Times},
    entrysubtype= {nonacademic}
}


@inbook{Bastian2021,
    title       = {The metascience movement needs to be more self-critical},
    author      = {Bastian, H.},
    url         = {https://absolutelymaybe.plos.org/2021/10/31/the-metascience-movement-needs-to-be-more-self-critical/},
    date        = {2021-10-31},
    booktitle     = {PLOS Blogs: Absolutely Maybe}
}


@article{Bennett2021,
    title       = {Open science from a qualitative, feminist perspective: Epistemological dogmas and a call for critical examination},
    author      = {Bennett, E. A.},
    number      = {4},
    volume      = {45},
    url         = {https://doi.org/10.1177/03616843211036460},
    doi         = {10.1177/03616843211036460},
    date        = {2021},
    pages       = {448–456},
    journal     = {Psychology of Women Quarterly}
}


@article{Bird2020,
    title       = {Understanding the replication crisis as a base rate fallacy},
    author      = {Bird, A.},
    number      = {4},
    volume      = {72},
    url         = {https://doi.org/10.1093/bjps/axy051},
    doi         = {10.1093/bjps/axy051},
    date        = {2020},
    pages       = {965–993},
    journal     = {The British Journal for the Philosophy of Science}
}



@article{Bishop2019,
        doi = {10.1038/d41586-019-01307-2},
        url = {https://doi.org/10.1038/d41586-019-01307-2},
        year = 2019,
        month = {apr},
        publisher = {Springer Science and Business Media {LLC}},
        volume = {568},
        number = {7753},
        pages = {435--435},
        author = {Dorothy V. M. Bishop},
        title = {Rein in the four horsemen of irreproducibility},
        journal = {Nature}
}


@article{Bishop2020,
    title       = {The psychology of experimental psychologists: Overcoming cognitive constraints to improve research:{ The 47th Sir Frederic Bartlett Lecture}},
    author      = {Bishop, Dorothy V. M.},
    number      = {1},
    volume      = {73},
    url         = {https://doi.org/10.1177/1747021819886519},
    doi         = {10.1177/1747021819886519},
    date        = {2020},
    pages       = {1–19},
    journal     = {Quarterly Journal of Experimental Psychology}
}


@article{Boring1919,
    title       = {Mathematical vs. scientific significance},
    author      = {Boring, E. G.},
    number      = {10},
    volume      = {16},
    url         = {https://doi.org/10.1037/h0074554},
    doi         = {10.1037/h0074554},
    date        = {1919},
    pages       = {335–338},
    journal     = {Psychological Bulletin}
}


@article{Brower1949,
    title       = {The problem of quantification in psychological science},
    author      = {Brower, D.},
    number      = {6},
    volume      = {56},
    url         = {https://doi.org/10.1037/h0061802},
    doi         = {10.1037/h0061802},
    date        = {1949},
    pages       = {325–333},
    journal     = {Psychological Review}
}


@article{Buzbas2023,
        doi = {10.1098/rsos.221042},
        url = {https://doi.org/10.1098/rsos.221042},
        year = 2023,
        month = {mar},
        publisher = {The Royal Society},
        volume = {10},
        number = {3},
        author = {Erkan O. Buzbas and Berna Devezer and Bert Baumgaertner},
        title = {The logical structure of experiments lays the foundation for a theory of reproducibility},
        journal = {Royal Society Open Science}
}


@article{Chamberlain2000,
    title       = {Methodolatry and qualitative health research},
    author      = {Chamberlain, K.},
    number      = {3},
    volume      = {5},
    url         = {https://doi.org/10.1177/135910530000500306},
    doi         = {10.1177/135910530000500306},
    date        = {2000},
    pages       = {285–296},
    journal     = {Journal of Health Psychology}
}


@article{Chambers2014,
    title       = {Physics envy: Do ‘hard’ sciences hold the solution to the replication crisis in psychology? },
    journal     = {The Guardian},
    author      = {Chambers, C. D.},
    url         = {http://www.theguardian.com/science/head-quarters/2014/jun/10/physics-envy-do-hard-sciences-hold-the-solution-to-the-replication-crisis-in-psychology},
    date        = {2014-06-10},
    entrysubtype = {nonacademic}
}


@book{Chambers2017,
    title       = {The seven deadly sins of psychology: A manifesto for reforming the culture of scientific practice},
    author      = {Chambers, C. D.},
    publisher   = {Princeton University Press},
    date        = {2017}
}


@inbook{Chambers2018,
    title       = {{Registered Reports} as a vaccine against research bias: Past, present and future},
    author      = {Chambers, C. D.},
    url         = {https://doi.org/10.23668/psycharchives.797},
    doi         = {10.23668/psycharchives.797},
    place       = {Trier, Germany},
    date        = {2018-01-25},
    booktitle     = {Presentation at Registered Reports Workshop}
}


@article{Chambers2022,
    title       = {The past, present and future of {Registered Reports}},
    author      = {Chambers, C. D. and Tzavella, L.},
    volume      = {6},
    url         = {https://doi.org/10.1038/s41562-021-01193-7},
    doi         = {10.1038/s41562-021-01193-7},
    date        = {2022},
    pages       = {29–42},
    journal     = {Nature Human Behaviour}
}


@inbook{Clark2022,
    title       = {Adversarial collaboration: The next science reform},
    author      = {Clark, C. J. and Tetlock, P. E. and Frisby, R. E. and O’Donohue, W. T. and Lilienfeld, S. O.},
    editor      = {Frisby, C.L. and Redding, R.E. and O’Donohue, W.T. and Lilienfeld, S.O.},
    publisher   = {Springer},
    date        = {2022},
    booktitle     = {Political bias in psychology: Nature, scope, and solutions}
}


@inbook{Crețu2019,
    title       = {Perspectival realism},
    author      = {Crețu, A.-M.},
    editor      = {Peters, M.A.},
    publisher   = {Springer},
    date        = {2019},
    booktitle     = {Encyclopedia of educational philosophy and theory}
}


@book{Danziger1990,
    title       = {Constructing the subject: Historical origins of psychological research},
    author      = {Danziger, K.},
    publisher   = {Cambridge University Press},
    date        = {1990}
}


@article{Boeck2018,
    title       = {Perceived crisis and reforms: Issues, explanations, and remedies},
    author      = {De Boeck, P. and Jeon, M.},
    number      = {7},
    volume      = {144},
    url         = {https://doi.org/10.1037/bul0000154},
    doi         = {10.1037/bul0000154},
    date        = {2018},
    pages       = {757–777},
    journal     = {Psychological Bulletin}
}


@article{DelGiudice2021,
    title       = {A traveler’s guide to the multiverse: Promises, pitfalls, and a framework for the evaluation of analytic decisions},
    author      = {Del Giudice, M. and Gangestad, S. W.},
    number      = {1},
    volume      = {4},
    url         = {https://doi.org/10.1177/2515245920954925},
    doi         = {10.1177/2515245920954925},
    date        = {2021},
    journal     = {Advances in Methods and Practices in Psychological Science}
}


@article{Dellsén2018,
    title       = {Scientific progress: Four accounts},
    author      = {Dellsén, F.},
    number      = {11},
    volume      = {13},
    url         = {https://doi.org/10.1111/phc3.12525},
    doi         = {10.1111/phc3.12525},
    date        = {2018},
    pages       = {12525},
    journal     = {Philosophy Compass}
}


@article{Dellsén2020,
    title       = {The epistemic impact of theorizing: Generation bias implies evaluation bias},
    author      = {Dellsén, F.},
    volume      = {177},
    url         = {https://doi.org/10.1007/s11098-019-01387-w},
    doi         = {10.1007/s11098-019-01387-w},
    date        = {2020},
    pages       = {3661–3678},
    journal     = {Philosophical Studies}
}


@article{Derksen2019,
    title       = {Putting {Popper} to work},
    author      = {Derksen, M.},
    number      = {4},
    volume      = {29},
    url         = {https://doi.org/10.1177/0959354319838343},
    doi         = {10.1177/0959354319838343},
    date        = {2019},
    pages       = {449–465},
    journal     = {Theory \& Psychology}
}


@article{Derksen2022,
    title       = {The tone debate: Knowledge, self, and social order},
    author      = {Derksen, M. and Field, S.},
    number      = {2},
    volume      = {26},
    url         = {https://doi.org/10.1177/10892680211015636},
    doi         = {10.1177/10892680211015636},
    date        = {2022},
    pages       = {172–183},
    journal     = {Review of General Psychology}
}


@article{Derksen2022a,
    title       = {Kinds of replication: Examining the meanings of “conceptual replication” and “direct replication”},
    author      = {Derksen, M. and Morawski, J.},
    number      = {5},
    volume      = {17},
    url         = {https://doi.org/10.1177/17456916211041116},
    doi         = {10.1177/17456916211041116},
    date        = {2022},
    pages       = {1490–1505},
    journal     = {Perspectives on Psychological Science}
}


@article{Devezer2019,
    title       = {Scientific discovery in a model-centric framework: Reproducibility, innovation, and epistemic diversity},
    author      = {Devezer, B. and Nardin, L. G. and Baumgaertner, B. and Buzbas, E. O.},
    number      = {5},
    volume      = {14},
    url         = {https://doi.org/10.1371/journal.pone.0216125},
    doi         = {10.1371/journal.pone.0216125},
    date        = {2019},
    journal     = {PloS one}
}


@article{Devezer2021,
    title       = {The case for formal methodology in scientific reform},
    author      = {Devezer, B. and Navarro, D. J. and Vandekerckhove, J. and Ozge Buzbas, E.},
    number      = {3},
    volume      = {8},
    url         = {https://doi.org/10.1098/rsos.200805},
    doi         = {10.1098/rsos.200805},
    date        = {2021},
    journal     = {Royal Society Open Science}
}


@article{Drummond2019,
    title       = {Is the drive for reproducible science having a detrimental effect on what is published?},
    author      = {Drummond, C.},
    number      = {1},
    volume      = {32},
    url         = {https://doi.org/10.1002/leap. 1224},
    doi         = {10.1002/leap. 1224},
    date        = {2019},
    pages       = {63–69},
    journal     = {Learned Publishing}
}


@article{Errington2021a,
    title       = {Reproducibility in cancer biology: Challenges for assessing replicability in preclinical cancer biology},
    author      = {Errington, T. M. and Denis, A. and Perfito, N. and Iorns, E. and Nosek, B. A.},
    volume      = {10, Article e67995},
    url         = {https://doi.org/10.7554/eLife.67995},
    doi         = {10.7554/eLife.67995},
    date        = {2021},
    journal     = {Elife}
}


@article{Errington2021b,
    title       = {Investigating the replicability of preclinical cancer biology},
    author      = {Errington, T. M. and Mathur, M. and Soderberg, C. K. and Denis, A. and Perfito, N. and Iorns, E. and Nosek, B. A.},
    volume      = {10, Article e71601},
    url         = {https://doi.org/10.7554/eLife.71601},
    doi         = {10.7554/eLife.71601},
    date        = {2021},
    journal     = {Elife}
}


@article{Fabrigar2020,
    title       = {A validity-based framework for understanding replication in psychology},
    author      = {Fabrigar, L. R. and Wegener, D. T. and Petty, R. E.},
    number      = {4},
    volume      = {24},
    url         = {https://doi.org/10.1177/1088868320931366},
    doi         = {10.1177/1088868320931366},
    date        = {2020},
    pages       = {316–344},
    journal     = {Personality and Social Psychology Review}
}


@article{Fanelli2018,
    title       = {Opinion: Is science really facing a reproducibility crisis, and do we need it to?},
    author      = {Fanelli, D.},
    number      = {11},
    volume      = {115},
    url         = {https://doi.org/10.1073/pnas.1708272114},
    doi         = {10.1073/pnas.1708272114},
    date        = {2018},
    pages       = {2628–2631},
    journal     = {Proceedings of the National Academy of Sciences}
}


@article{Feest2019,
    title       = {Why replication is overrated},
    author      = {Feest, U.},
    number      = {5},
    volume      = {86},
    url         = {https://doi.org/10.1086/705451},
    doi         = {10.1086/705451},
    date        = {2019},
    pages       = {895–905},
    journal     = {Philosophy of Science}
}


@article{Fiedler2018,
    title       = {The creative cycle and the growth of psychological science},
    author      = {Fiedler, K.},
    number      = {4},
    volume      = {13},
    url         = {https://doi.org/10.1177/1745691617745651},
    doi         = {10.1177/1745691617745651},
    date        = {2018},
    pages       = {433–438},
    journal     = {Perspectives on Psychological Science}
}


@article{Fiedler2016,
    title       = {Questionable research practices revisited},
    author      = {Fiedler, K. and Schwarz, N.},
    number      = {1},
    volume      = {7},
    url         = {https://doi.org/10.1177/1948550615612150},
    doi         = {10.1177/1948550615612150},
    date        = {2016},
    pages       = {45–52},
    journal     = {Social Psychological and Personality Science}
}


@dissertation{Field2022,
    title       = {Charting the constellation of science reform},
    author      = {Field, S. M.},
    url         = {https://doi.org/10.31219/osf.io/udfw4},
    doi         = {10.31219/osf.io/udfw4},
    date        = {2022-07-13},
    journal     = {PsyArXiv},
    publisher   = {PsyArXiv}
}


@article{Field2021,
    title       = {Experimenter as automaton; experimenter as human: Exploring the position of the researcher in scientific research},
    author      = {Field, S. M. and Derksen, M.},
    volume      = {11, Article 11},
    url         = {https://doi.org/10.1007/s13194-020-00324-7},
    doi         = {10.1007/s13194-020-00324-7},
    date        = {2021},
    journal     = {European Journal for Philosophy of Science}
}


@book{Firestein2012,
    title       = {Ignorance: How it drives science},
    author      = {Firestein, S.},
    publisher   = {Oxford University Press},
    date        = {2012},

}


@article{Firestein2016,
    title       = {Why failure to replicate findings can actually be good for science},
    author      = {Firestein, S.},
    url         = {https://www.latimes.com/opinion/op-ed/la-oe-0214-firestein-science-replication-failure-20160214-story.html},
    date        = {2016-02-14},
    journal     = {LA Times},
    entrysubtype= {nonacademic}
}


@article{Fiske2016,
    title       = {A call to change science’s culture of shaming},
    author      = {Fiske, S. T.},
    volume      = {29},
    url         = {https://www.psychologicalscience.org/observer/a-call-to-change-sciences-culture-of-shaming},
    date        = {2016-10-31},
    journal     = {APS Observer},
    entrysubtype= {nonacademic}
}


@article{Flis2019,
    title       = {Psychologists psychologizing scientific psychology: An epistemological reading of the replication crisis},
    author      = {Flis, I.},
    number      = {2},
    volume      = {29},
    url         = {https://doi.org/10.1177/0959354319835322},
    doi         = {10.1177/0959354319835322},
    date        = {2019},
    pages       = {158–181},
    journal     = {Theory \& Psychology}
}


@article{Flis2022,
    title       = {The function of literature in psychological science},
    author      = {Flis, I.},
    number      = {2},
    volume      = {26},
    url         = {https://doi.org/10.1177/10892680211066466},
    doi         = {10.1177/10892680211066466},
    date        = {2022},
    pages       = {146–156},
    journal     = {Review of General Psychology}
}


@article{Freiling2021,
    title       = {The science of open (communication) science: Toward an evidence-driven understanding of quality criteria in communication research},
    author      = {Freiling, I. and Krause, N. M. and Scheufele, D. A. and Chen, K.},
    number      = {5},
    volume      = {71},
    url         = {https://doi.org/10.1093/joc/jqab032},
    doi         = {10.1093/joc/jqab032},
    date        = {2021},
    pages       = {686–714},
    journal     = {Journal of Communication}
}


@inbook{Gao2014,
    title       = {Methodologism/methodological imperative},
    author      = {Gao, Z.},
    editor      = {Teo, T.},
    url         = {https://doi.org/10.1007/978-1-4614-5583-7_614},
    doi         = {10.1007/978-1-4614-5583-7_614},
    publisher   = {Springer},
    date        = {2014},
    booktitle     = {Encyclopedia of critical psychology}
}


@article{Gervais2021,
    title       = {Practical methodological reform needs good theory},
    author      = {Gervais, W. M.},
    number      = {4},
    volume      = {16},
    url         = {https://doi.org/10.1177/1745691620977471},
    doi         = {10.1177/1745691620977471},
    date        = {2021},
    pages       = {827–843},
    journal     = {Perspectives on Psychological Science}
}


@book{Giere2006,
    title       = {Scientific perspectivism},
    author      = {Giere, R. N.},
    publisher   = {Chicago Press},
    date        = {2006}
}


@article{Greenfield2017,
    title       = {Cultural change over time: Why replicability should not be the gold standard in psychological science},
    author      = {Greenfield, P. M.},
    number      = {5},
    volume      = {12},
    url         = {https://doi.org/10.1177/1745691617707314},
    doi         = {10.1177/1745691617707314},
    date        = {2017},
    pages       = {762–771},
    journal     = {Perspectives on Psychological Science}
}


@book{Grossmann2021,
    title       = {How social science got better: Overcoming bias with more evidence, diversity, and self-reflection},
    author      = {Grossmann, M.},
    publisher   = {Oxford University Press},
    date        = {2021}
}


@article{Guttinger2020,
    title       = {The limits of replicability},
    author      = {Guttinger, S.},
    number      = {2},
    volume      = {10},
    url         = {https://doi.org/10.1007/s13194-019-0269-1},
    doi         = {10.1007/s13194-019-0269-1},
    date        = {2020},
    pages       = {1–17},
    journal     = {European Journal for Philosophy of Science}
}


@article{Haig2022,
    title       = {Understanding replication in a way that is true to science},
    author      = {Haig, B. D.},
    number      = {2},
    volume      = {26},
    url         = {https://doi.org/10.1177/10892680211046514},
    doi         = {10.1177/10892680211046514},
    date        = {2022},
    pages       = {224–240},
    journal     = {Review of General Psychology}
}


@article{Hamlin2017,
    title       = {Is psychology moving in the right direction? {A}n analysis of the evidentiary value movement},
    author      = {Hamlin, J. K.},
    number      = {4},
    volume      = {12},
    url         = {https://doi.org/10.1177/1745691616689062},
    doi         = {10.1177/1745691616689062},
    date        = {2017},
    pages       = {690–693},
    journal     = {Perspectives on Psychological Science}
}


@article{Hardwicke2023,
    title       = {Reducing bias, increasing transparency, and calibrating confidence with preregistration},
    author      = {Hardwicke, T. E. and Wagenmakers, E.},
    volume      = {7},
    url         = {https://doi.org/10.1038/s41562-022-01497-2},
    doi         = {10.1038/s41562-022-01497-2},
    date        = {2023},
    pages       = {15–26},
    journal     = {Nature Human Behaviour}
}


@article{Hartgerink2016,
    title       = {Research practices and assessment of research misconduct},
    author      = {Hartgerink, C. H.J. and Wicherts, J. M.},
    number      = {0},
    volume      = {0},
    url         = {https://doi.org/10.14293/S2199-1006.1.SOR-SOCSCI.ARYSBI.v1},
    doi         = {10.14293/S2199-1006.1.SOR-SOCSCI.ARYSBI.v1},
    date        = {2016},
    pages       = {1–10},
    journal     = {ScienceOpen Research}
}


@article{Hoekstra2021,
    title       = {Aspiring to greater intellectual humility in science},
    author      = {Hoekstra, R. and Vazire, S.},
    number      = {12},
    volume      = {5},
    url         = {https://doi.org/10.1038/s41562-021-01203-8},
    doi         = {10.1038/s41562-021-01203-8},
    date        = {2021},
    pages       = {1602–1607},
    journal     = {Nature Human Behaviour}
}


@article{Holcombe2021,
    title       = {Ad hominem rhetoric in scientific psychology},
    author      = {Holcombe, A. O.},
    number      = {2},
    volume      = {113},
    url         = {https://doi.org/10.1111/bjop. 12541},
    doi         = {10.1111/bjop. 12541},
    date        = {2021},
    pages       = {434–454},
    journal     = {British Journal of Psychology}
}


@article{Hostler2022,
    title       = {Open research reforms and the capitalist university’s priorities and practices: Areas of opposition and alignment},
    author      = {Hostler, T.},
    url         = {https://doi.org/10.31235/osf.io/r4qgc},
    doi         = {10.31235/osf.io/r4qgc},
    date        = {2022},
    journal     = {SocArXiv}
}


@article{Ioannidis2014,
    title       = {Publication and other reporting biases in cognitive sciences: Detection, prevalence, and prevention},
    author      = {Ioannidis, J. P. and Munafo, M. R. and Fusar-Poli, P. and Nosek, B. A. and David, S. P.},
    number      = {5},
    volume      = {18},
    url         = {https://doi.org/10.1016/j.tics.2014.02.010},
    doi         = {10.1016/j.tics.2014.02.010},
    date        = {2014},
    pages       = {235–241},
    journal     = {Trends in Cognitive Sciences}
}


@article{Iso-Ahola2020,
    title       = {Replication and the establishment of scientific truth},
    author      = {Iso-Ahola, S. E.},
    volume      = {11, Article 2183},
    url         = {https://doi.org/10.3389/fpsyg.2020.02183},
    doi         = {10.3389/fpsyg.2020.02183},
    date        = {2020},
    journal     = {Frontiers in Psychology}
}


@article{Jamieson2023,
    title       = {Reflexivity in quantitative research: A rationale and beginner’s guide},
    author      = {Jamieson, M. K. and Pownall, M. and Govaart, G. H.},
    volume      = {e12735},
    url         = {https://doi.org/10.1111/spc3.12735},
    doi         = {10.1111/spc3.12735},
    date        = {2023},
    journal     = {Social and Personality Psychology Compass, Article}
}


@article{John2012,
    title       = {Measuring the prevalence of questionable research practices with incentives for truth telling},
    author      = {John, L. K. and Loewenstein, G. and Prelec, D.},
    number      = {5},
    volume      = {23},
    url         = {https://doi.org/10.1177/0956797611430953},
    doi         = {10.1177/0956797611430953},
    date        = {2012},
    pages       = {524–532},
    journal     = {Psychological Science}
}


@article{Kessler2021,
    title       = {Open for whom? {T}he need to define open science for science education},
    author      = {Kessler, A. and Likely, R. and Rosenberg, J. M.},
    number      = {10},
    volume      = {58},
    url         = {https://doi.org/10.1002/tea.21730},
    doi         = {10.1002/tea.21730},
    date        = {2021},
    pages       = {1590–1595},
    journal     = {Journal of Research in Science Teaching}
}


@article{Leonelli2018,
    title       = {Rethinking reproducibility as a criterion for research quality. Including a symposium on {Mary Morgan}: Curiosity, imagination, and surprise},
    author      = {Leonelli, S.},
    volume      = {36B},
    url         = {https://doi.org/10.1108/S0743-41542018000036B009},
    doi         = {10.1108/S0743-41542018000036B009},
    publisher   = {Emerald Publishing},
    date        = {2018},
    pages       = {129–146},
    journal     = {Research in the History of Economic Thought and Methodology}
}


@article{Leonelli2022,
    title       = {Open science and epistemic diversity: Friends or foes?},
    author      = {Leonelli, S.},
    number      = {5},
    volume      = {89},
    url         = {https://doi.org/10.1017/psa.2022.45},
    doi         = {10.1017/psa.2022.45},
    date        = {2022},
    pages       = {991–1001},
    journal     = {Philosophy of Science}
}


@article{Leung2011,
    title       = {Presenting post hoc hypotheses as a priori: Ethical and theoretical issues},
    author      = {Leung, K.},
    number      = {3},
    volume      = {7},
    url         = {https://doi.org/10.1111/j.1740-8784.2011.00222.x},
    doi         = {10.1111/j.1740-8784.2011.00222.x},
    date        = {2011},
    pages       = {471–479},
    journal     = {Management and Organization Review}
}


@article{Levin2017,
    title       = {How does one “open” science? {Q}uestions of value in biological research},
    author      = {Levin, N. and Leonelli, S.},
    number      = {2},
    volume      = {42},
    url         = {https://doi.org/10.1177/0162243916672071},
    doi         = {10.1177/0162243916672071},
    date        = {2017},
    pages       = {280–305},
    journal     = {Science, Technology, \& Human Values}
}


@article{Lewandowsky2020,
    title       = {Low replicability can support robust and efficient science},
    author      = {Lewandowsky, S. and Oberauer, K.},
    volume      = {11, Article 358},
    url         = {https://doi.org/10.1038/s41467-019-14203-0},
    doi         = {10.1038/s41467-019-14203-0},
    date        = {2020},
    journal     = {Nature Communications}
}


@book{Longino1990,
    title       = {Science as social knowledge: Values and objectivity in scientific inquiry},
    author      = {Longino, H. E.},
    publisher   = {Princeton University Press},
    date        = {1990}
}


@article{Malich2022,
    title       = {Metascience is not enough – A plea for psychological humanities in the wake of the replication crisis},
    author      = {Malich, L. and Rehmann-Sutter, C.},
    number      = {2},
    volume      = {26},
    url         = {https://doi.org/10.1177/10892680221083876},
    doi         = {10.1177/10892680221083876},
    date        = {2022},
    pages       = {261–273},
    journal     = {Review of General Psychology}
}


@book{Massimi2022,
    title       = {Perspectival realism},
    author      = {Massimi, M.},
    publisher   = {Oxford University Press},
    date        = {2022}
}


@article{Maxwell2015,
    title       = {Is psychology suffering from a replication crisis? {W}hat does “failure to replicate” really mean?},
    author      = {Maxwell, S. E. and Lau, M. Y. and Howard, G. S.},
    number      = {6},
    volume      = {70},
    url         = {https://doi.org/10.1037/a0039400},
    doi         = {10.1037/a0039400},
    date        = {2015},
    pages       = {487–498},
    journal     = {American Psychologist}
}


@article{McDermott2022,
    title       = {Breaking free: How preregistration hurts scholars and science},
    author      = {McDermott, R.},
    number      = {1},
    volume      = {41},
    url         = {https://doi.org/10.1017/pls.2022.4},
    doi         = {10.1017/pls.2022.4},
    date        = {2022},
    pages       = {55–59},
    journal     = {Politics and the Life Sciences}
}


@article{Merton1987,
    title       = {Three fragments from a sociologist’s notebooks: Establishing the phenomenon, specified ignorance, and strategic research materials},
    author      = {Merton, R. K.},
    number      = {1},
    volume      = {13},
    url         = {https://doi.org/10.1146/annurev.so.13.080187.000245},
    doi         = {10.1146/annurev.so.13.080187.000245},
    date        = {1987},
    pages       = {1–29},
    journal     = {Annual Review of Sociology}
}


@article{Moody2022,
    title       = {Reproducibility in the social sciences},
    author      = {Moody, J. W. and Keister, L. A. and Ramos, M. C.},
    volume      = {48},
    url         = {https://doi.org/10.1146/annurev-soc-090221-035954},
    doi         = {10.1146/annurev-soc-090221-035954},
    date        = {2022},
    pages       = {65–85},
    journal     = {Annual Review of Sociology}
}


@article{Moran2022,
    title       = {I know it’s bad, but I have been pressured into it: Questionable research practices among psychology students in {Canada}},
    author      = {Moran, C. and Richard, A. and Wilson, K. and Twomey, R. and Coroiu, A.},
    number      = {1},
    volume      = {64},
    url         = {https://doi.org/10.1037/cap0000326},
    doi         = {10.1037/cap0000326},
    date        = {2022},
    pages       = {12–24},
    journal     = {Canadian Psychology}
}


@article{Morawski2019,
    title       = {The replication crisis: How might philosophy and theory of psychology be of use?},
    author      = {Morawski, J.},
    number      = {4},
    volume      = {39},
    url         = {https://doi.org/10.1037/teo0000129},
    doi         = {10.1037/teo0000129},
    date        = {2019},
    pages       = {218–238},
    journal     = {Journal of Theoretical and Philosophical Psychology}
}


@article{Morawski2022,
    title       = {How to true psychology’s objects},
    author      = {Morawski, J.},
    number      = {2},
    volume      = {26},
    url         = {https://doi.org/10.1177/10892680211046518},
    doi         = {10.1177/10892680211046518},
    date        = {2022},
    pages       = {157–171},
    journal     = {Review of General Psychology}
}


@article{Morey2019,
    title       = {You must tug that thread: Why treating preregistration as a gold standard might incentivize poor behavior},
    publisher   = {Psychonomic Society},
    author      = {Morey, R.},
    url         = {https://featuredcontent.psychonomic.org/you-must-tug-that-thread-why-treating-preregistration-as-a-gold-standard-might-incentivize-poor-behavior/},
    date        = {2019}
}


@article{Munafò2017,
        doi = {10.1038/s41562-016-0021},
        url = {https://doi.org/10.1038/s41562-016-0021},
        year = 2017,
        month = {jan},
        publisher = {Springer Science and Business Media {LLC}},
        volume = {1},
        number = {1},
        author = {Marcus R. Munaf{\`{o}} and Brian A. Nosek and Dorothy V. M. Bishop and Katherine S. Button and Christopher D. Chambers and Nathalie Percie du Sert and Uri Simonsohn and Eric-Jan Wagenmakers and Jennifer J. Ware and John P. A. Ioannidis},
        title = {A manifesto for reproducible science},
        journal = {Nature Human Behaviour}
}


@article{Nelson2018,
    title       = {Psychology’s renaissance},
    author      = {Nelson, L. D. and Simmons, J. and Simonsohn, U.},
    volume      = {69},
    url         = {https://doi.org/10.1146/annurev-psych-122216-011836},
    doi         = {10.1146/annurev-psych-122216-011836},
    date        = {2018},
    pages       = {511–534},
    journal     = {Annual Review of Psychology}
}


@article{Norton2015,
    title       = {Replicability of experiment},
    author      = {Norton, J. D.},
    number      = {2},
    volume      = {30},
    url         = {https://doi.org/10.1387/theoria.12691},
    doi         = {10.1387/theoria.12691},
    date        = {2015},
    pages       = {229–248},
    journal     = {Theoria. Revista de Teoría, Historia y Fundamentos de la Ciencia}
}


@article{Nosek2019,
        doi = {10.1016/j.tics.2019.07.009},
        url = {https://doi.org/10.1016/j.tics.2019.07.009},
        year = 2019,
        month = {oct},
        publisher = {Elsevier {BV}},
        volume = {23},
        number = {10},
        pages = {815--818},
        author = {B. A. Nosek and Emorie D. Beck and Lorne Campbell and Jessica K. Flake and Tom E. Hardwicke and David T. Mellor and Anna E. van 't Veer and Simine Vazire},
        title = {Preregistration Is Hard, And Worthwhile},
        journal = {Trends in Cognitive Sciences}
}


@article{Nosek2018,
    title       = {The preregistration revolution},
    author      = {Nosek, B. A. and Ebersole, C. R. and DeHaven, A. C. and Mellor, D. T.},
    number      = {11},
    volume      = {115},
    url         = {https://doi.org/10.1073/pnas.1708274114},
    doi         = {10.1073/pnas.1708274114},
    date        = {2018},
    pages       = {2600–2606},
    journal     = {Proceedings of the National Academy of Sciences}
}


@article{Nosek2022,
    title       = {Replicability, robustness, and reproducibility in psychological science},
    author      = {Nosek, B. A. and Hardwicke, T. E. and Moshontz, H. and Allard, A. and Corker, K. S. and Dreber, A. and Vazire, S.},
    volume      = {73},
    url         = {https://doi.org/10.1146/annurev-psych-020821-114157},
    doi         = {10.1146/annurev-psych-020821-114157},
    date        = {2022},
    pages       = {719–748},
    journal     = {Annual Review of Psychology}
}


@article{Nosek2014,
    title       = {Registered reports},
    author      = {Nosek, B. A. and Lakens, D.},
    number      = {3},
    volume      = {45},
    url         = {https://doi.org/10.1027/1864-9335/a000192},
    doi         = {10.1027/1864-9335/a000192},
    date        = {2014},
    pages       = {137–141},
    journal     = {Social Psychology}
}


@article{Nosek2012,
    title       = {Scientific utopia: II. Restructuring incentives and practices to promote truth over publishability},
    author      = {Nosek, B. A. and Spies, J. R. and Motyl, M.},
    number      = {6},
    volume      = {7},
    url         = {https://doi.org/10.1177/1745691612459058},
    doi         = {10.1177/1745691612459058},
    date        = {2012},
    pages       = {615–631},
    journal     = {Perspectives on Psychological Science}
}


@article{Oberauer2019,
    title       = {Preregistration of a forking path – What does it add to the garden of evidence?},
    publisher   = {Psychonomic Society},
    author      = {Oberauer, K.},
    url         = {https://featuredcontent.psychonomic.org/preregistration-of-a-forking-path-what-does-it-add-to-the-garden-of-evidence/},
    date        = {2019-01-15}
}


@article{Oberauer2019a,
    title       = {Addressing the theory crisis in psychology},
    author      = {Oberauer, K. and Lewandowsky, S.},
    number      = {5},
    volume      = {26},
    url         = {https://doi.org/10.3758/s13423-019-01645-2},
    doi         = {10.3758/s13423-019-01645-2},
    date        = {2019},
    pages       = {1596–1618},
    journal     = {Psychonomic Bulletin \& Review},
    entrysubtype = {article}
}


@article{Collaboration2015,
    title       = {Estimating the reproducibility of psychological science},
    author      = {{Open Science Collaboration}},
    number      = {6251},
    volume      = {349},
    url         = {https://doi.org/10.1126/science.aac4716},
    doi         = {10.1126/science.aac4716},
    date        = {2015},
    journal     = {Science},
    article     = {aac4716}
}


@article{Penders2022,
    title       = {Process and bureaucracy: Scientific reform as civilisation},
    author      = {Penders, B.},
    number      = {4},
    volume      = {42},
    url         = {https://doi.org/10.1177/02704676221126388},
    doi         = {10.1177/02704676221126388},
    date        = {2022},
    pages       = {107–116},
    journal     = {Bulletin of Science, Technology \& Society}
}


@article{Peterson2020,
    title       = {Metascience as a scientific social movement},
    author      = {Peterson, D. and Panofsky, A.},
    url         = {https://osf.io/preprints/socarxiv/4dsqa/},
    date        = {2020-08-04}
}


@article{Peterson2021,
    title       = {Arguments against efficiency in science},
    author      = {Peterson, D. and Panofsky, A.},
    number      = {3},
    volume      = {60},
    url         = {https://doi.org/10.1177/05390184211021383},
    doi         = {10.1177/05390184211021383},
    date        = {2021},
    pages       = {350–355},
    journal     = {Social Science Information}
}


@article{Pham2021,
    title       = {Preregistration is neither sufficient nor necessary for good science},
    author      = {Pham, M. T. and Oh, T. T.},
    number      = {1},
    volume      = {31},
    url         = {https://doi.org/10.1002/jcpy.1209},
    doi         = {10.1002/jcpy.1209},
    date        = {2021},
    pages       = {163–176},
    journal     = {Journal of Consumer Psychology}
}


@article{Pownall2022,
    title       = {Is replication possible for qualitative research?},
    author      = {Pownall, M.},
    url         = {https://doi.org/10.31234/osf.io/dwxeg},
    doi         = {10.31234/osf.io/dwxeg},
    date        = {2022-06-14},
    journal     = {PsyArXiv}
}


@inbook{Pownall2021,
    title       = {Embedding open and reproducible science into teaching: A bank of lesson plans and resources},
    author      = {Madeleine Pownall and Flavio Azevedo and Alaa Aldoh and Mahmoud Elsherif and Martin Vasilev and Charlotte R. Pennington and Olly Robertson and Myrthe Vel Tromp and Meng Liu and Matthew C. Makel and Natasha Tonge and David Moreau and Ruth Horry and John Shaw and Loukia Tzavella and Ronan McGarrigle and Catherine Talbot and Sam Parsons.},
    url         = {https://doi.org/10.1037/stl0000307},
    doi         = {10.1037/stl0000307},
    date        = {2021},
    booktitle     = {Scholarship of Teaching and Learning in Psychology}
}


@article{Pownall2022a,
    title       = {Slow science in scholarly critique},
    author      = {Pownall, M. and Hoerst, C.},
    volume      = {35},
    url         = {https://thepsychologist.bps.org.uk/volume-35/february-2022/slow-science-scholarly-critique},
    date        = {2022},
    pages       = {2},
    journal     = {The Psychologist}
}


@article{Prosser2022,
    title       = {When open data closes the door: Problematising a one size fits all approach to open data in journal submission guidelines},
    author      = {Annayah M. B. Prosser and Richard J. T. Hamshaw and Johanna Meyer and Ralph Bagnall and Leda Blackwood and Monique Huysamen and Abbie Jordan and Konstantina Vasileiou and Zoe Walter},
    url         = {https://doi.org/10.1111/bjso.12576},
    doi         = {10.1111/bjso.12576},
    date        = {2022},
    journal     = {British Journal of Social Psychology}
}


@article{Proulx2021,
    title       = {Beyond statistical ritual: Theory in psychological science},
    author      = {Proulx, T. and Morey, R. D.},
    number      = {4},
    volume      = {16},
    url         = {https://doi.org/10.1177/17456916211017098},
    doi         = {10.1177/17456916211017098},
    date        = {2021},
    pages       = {671–681},
    journal     = {Perspectives on Psychological Science}
}


@inbook{Reiss2020,
    title       = {Scientific objectivity},
    author      = {Reiss, J. and Sprenger, J.},
    url         = {https://plato.stanford.edu/entries/scientific-objectivity/},
    date        = {2020},
    booktitle     = {The Stanford Encyclopedia of Philosophy}
}


@article{Rosnow1983,
    title       = {Von Osten's horse, Hamlet's question, and the mechanistic view of causality: Implications for a post-crisis social psychology},
    author      = {Rosnow, R. L.},
    number      = {3},
    volume      = {4},
    url         = {http://www.jstor.org/stable/43852983},
    date        = {1983},
    pages       = {319–337},
    journal     = {The Journal of Mind and Behavior}
}


@article{Rubin2017a,
    title       = {An evaluation of four solutions to the forking paths problem: Adjusted alpha, preregistration, sensitivity analyses, and abandoning the {Neyman-Pearson} approach},
    author      = {Rubin, M.},
    number      = {4},
    volume      = {21},
    url         = {https://doi.org/10.1037/gpr0000135},
    doi         = {10.1037/gpr0000135},
    date        = {2017},
    pages       = {321–329},
    journal     = {Review of General Psychology}
}


@article{Rubin2017b,
    title       = {When does {HARK}ing hurt? {I}dentifying when different types of undisclosed post hoc hypothesizing harm scientific progress},
    author      = {Rubin, M.},
    number      = {4},
    volume      = {21},
    url         = {https://doi.org/10.1037/gpr0000128},
    doi         = {10.1037/gpr0000128},
    date        = {2017},
    pages       = {308–320},
    journal     = {Review of General Psychology}
}


@article{Rubin2020,
    title       = {Does preregistration improve the credibility of research findings?},
    author      = {Rubin, M.},
    number      = {4},
    volume      = {16},
    url         = {https://doi.org/10.20982/tqmp. 16.4.p376},
    doi         = {10.20982/tqmp. 16.4.p376},
    date        = {2020},
    pages       = {376–390},
    journal     = {The Quantitative Methods for Psychology}
}


@article{Rubin2021a,
    title       = {What type of {Type I} error? {C}ontrasting the {Neyman-Pearson and Fisherian} approaches in the context of exact and direct replications},
    author      = {Rubin, M.},
    volume      = {198},
    url         = {https://doi.org/10.1007/s11229-019-02433-0},
    doi         = {10.1007/s11229-019-02433-0},
    date        = {2021},
    pages       = {5809–5834},
    journal     = {Synthese}
}


@article{Rubin2021b,
    title       = {When to adjust alpha during multiple testing: A consideration of disjunction, conjunction, and individual testing},
    author      = {Rubin, M.},
    volume      = {199},
    url         = {https://doi.org/10.1007/s11229-021-03276-4},
    doi         = {10.1007/s11229-021-03276-4},
    date        = {2021},
    pages       = {10969–11000},
    journal     = {Synthese}
}


@article{Rubin2022,
    title       = {The costs of {HARK}ing},
    author      = {Rubin, M.},
    number      = {2},
    volume      = {73},
    url         = {https://doi.org/10.1093/bjps/axz050},
    doi         = {10.1093/bjps/axz050},
    date        = {2022},
    pages       = {535–560},
    journal     = {British Journal for the Philosophy of Science}
}



@article{Rubin2022a,
        doi = {10.1080/09515089.2022.2113771},
        url = {https://doi.org/10.1080/09515089.2022.2113771},
        year = 2022,
        month = {aug},
        publisher = {Informa {UK} Limited},
        pages = {1--29},
        author = {Mark Rubin and Chris Donkin},
        title = {Exploratory hypothesis tests can be more compelling than confirmatory hypothesis tests},
        journal = {Philosophical Psychology}
}


@article{Sacco2019,
    title       = {Grounds for ambiguity: {J}ustifiable bases for engaging in questionable research practices},
    author      = {Sacco, D. F. and Brown, M. and Bruton, S. V.},
    number      = {5},
    volume      = {25},
    url         = {https://doi.org/10.1007/s11948-018-0065-x},
    doi         = {10.1007/s11948-018-0065-x},
    date        = {2019},
    pages       = {1321–1337},
    journal     = {Science and Engineering Ethics}
}


@article{Scheel2021,
    title       = {An excess of positive results: {C}omparing the standard psychology literature with {Registered Reports}},
    author      = {Scheel, A. M. and Schijen, M. R. and Lakens, D.},
    number      = {2},
    volume      = {4},
    url         = {https://doi.org/10.1177/25152459211007467},
    doi         = {10.1177/25152459211007467},
    date        = {2021},
    pages       = {1–12},
    journal     = {Advances in Methods and Practices in Psychological Science}
}


@article{Schimmack2020,
    title       = {A meta-psychological perspective on the decade of replication failures in social psychology},
    author      = {Schimmack, U.},
    number      = {4},
    volume      = {61},
    url         = {https://doi.org/10.1037/cap0000246},
    doi         = {10.1037/cap0000246},
    date        = {2020},
    pages       = {364–376},
    journal     = {Canadian Psychology}
}


@article{Shrout2018,
    title       = {Psychology, science, and knowledge construction: Broadening perspectives from the replication crisis},
    author      = {Shrout, P. E. and Rodgers, J. L.},
    volume      = {69},
    url         = {https://doi.org/10.1146/annurev-psych-122216-011845},
    doi         = {10.1146/annurev-psych-122216-011845},
    date        = {2018},
    pages       = {487–510},
    journal     = {Annual Review of Psychology}
}


@article{Simmons2011,
    title       = {False-positive psychology: Undisclosed flexibility in data collection and analysis allows presenting anything as significant},
    author      = {Simmons, J. P. and Nelson, L. D. and Simonsohn, U.},
    number      = {11},
    volume      = {22},
    url         = {https://doi.org/10.1177/0956797611417632},
    doi         = {10.1177/0956797611417632},
    date        = {2011},
    pages       = {1359–1366},
    journal     = {Psychological Science}
}


@article{Simmons2021,
    title       = {Pre‐registration: Why and how},
    author      = {Simmons, J. P. and Nelson, L. D. and Simonsohn, U.},
    number      = {1},
    volume      = {31},
    url         = {https://doi.org/10.1002/jcpy.1208},
    doi         = {10.1002/jcpy.1208},
    date        = {2021},
    pages       = {151–162},
    journal     = {Journal of Consumer Psychology}
}


@article{Smithson1996,
    title       = {Science, ignorance and human values},
    author      = {Smithson, M.},
    number      = {1},
    volume      = {2},
    url         = {https://doi.org/10.1177/097168589600200107},
    doi         = {10.1177/097168589600200107},
    date        = {1996},
    pages       = {67–81},
    journal     = {Journal of Human Values}
}


@misc{bib118,
    author      = {{Society for the Improvement of Psychological Science}},
    title       = {Mission Statement},
    url         = {https://improvingpsych.org/mission/},
    date        = {2022}
}


@inbook{Spellman2018,
    title       = {Open science},
    author      = {Spellman, B. A. and Gilbert, E. A. and Corker, K. S.},
    editor      = {Wixted, J.T. and Wagenmakers, E.-J.},
    volume      = {5},
    edition     = {4},
    publisher   = {Wiley},
    date        = {2018},
    pages       = {729–775},
    booktitle     = {Stevens’ handbook of experimental psychology and cognitive neuroscience: Volume 5 {Methodology}},
    doi         = {10.1002/9781119170174.epcn519},
    url         = {https://doi.org/10.1002/9781119170174.epcn519}
}


@article{Stanley2014,
    title       = {Expectations for replications: Are yours realistic?},
    author      = {Stanley, D. J. and Spence, J. R.},
    number      = {3},
    volume      = {9},
    url         = {https://doi.org/10.1177/1745691614528518},
    doi         = {10.1177/1745691614528518},
    date        = {2014},
    pages       = {305–318},
    journal     = {Perspectives on Psychological Science}
}


@article{Stanley2018,
    title       = {What meta-analyses reveal about the replicability of psychological research},
    author      = {Stanley, T. D. and Carter, E. C. and Doucouliagos, H.},
    number      = {12},
    volume      = {144},
    url         = {https://doi.org/10.1037/bul0000169},
    doi         = {10.1037/bul0000169},
    date        = {2018},
    pages       = {1325–1346},
    journal     = {Psychological Bulletin}
}


@article{Stroebe2014,
    title       = {The alleged crisis and the illusion of exact replication},
    author      = {Stroebe, W. and Strack, F.},
    number      = {1},
    volume      = {9},
    url         = {https://doi.org/10.1177/1745691613514450},
    doi         = {10.1177/1745691613514450},
    date        = {2014},
    pages       = {59–71},
    journal     = {Perspectives on Psychological Science}
}


@article{Strong1991,
    title       = {Theory-driven science and naïve empiricism in counseling psychology},
    author      = {Strong, S. R.},
    number      = {2},
    volume      = {38},
    url         = {https://doi.org/10.1037/0022-0167.38.2.204},
    doi         = {10.1037/0022-0167.38.2.204},
    date        = {1991},
    pages       = {204–210},
    journal     = {Journal of Counseling Psychology}
}


@article{Szollosi2021,
    title       = {Arrested theory development: The misguided distinction between exploratory and confirmatory research},
    author      = {Szollosi, A. and Donkin, C.},
    number      = {4},
    volume      = {16},
    url         = {https://doi.org/10.1177/1745691620966796},
    doi         = {10.1177/1745691620966796},
    date        = {2021},
    pages       = {717–724},
    journal     = {Perspectives on Psychological Science}
}


@article{Szollosi2020,
    title       = {Is preregistration worthwhile?},
    author      = {Szollosi, A. and Kellen, D. and Navarro, D. J. and Shiffrin, R. and van Rooij, I. and Van Zandt, T. and Donkin, C.},
    number      = {2},
    volume      = {24},
    url         = {https://doi.org/10.1016/j.tics.2019.11.009},
    doi         = {10.1016/j.tics.2019.11.009},
    date        = {2020},
    pages       = {94–95},
    journal     = {Trends in Cognitive Science}
}


@article{Ulrich2020,
    title       = {Meta-research: Questionable research practices may have little effect on replicability},
    author      = {Ulrich, R. and Miller, J.},
    volume      = {9, Article e58237},
    url         = {https://doi.org/10.7554/eLife.58237},
    doi         = {10.7554/eLife.58237},
    date        = {2020},
    journal     = {Elife}
}


@article{UygunTunç2022,
    title       = {Is open science neoliberal? {P}erspectives on Psychological Science},
    author      = {Uygun Tunç, D. and Tunç, M. N. and Eper, Z. B.},
    url         = {https://doi.org/10.1177/17456916221114835},
    doi         = {10.1177/17456916221114835},
    date        = {2022}
}


@article{Vancouver2018,
    title       = {In defense of {HARK}ing},
    author      = {Vancouver, J. N.},
    number      = {1},
    volume      = {11},
    url         = {https://doi.org/10.1017/iop. 2017.89},
    doi         = {10.1017/iop. 2017.89},
    date        = {2018},
    pages       = {73–80},
    journal     = {Industrial and Organizational Psychology}
}


@book{Dijk2021,
    title       = {How to tackle confirmation bias?},
    author      = {van Dijk, T.},
    url         = {https://www.delta.tudelft.nl/article/how-tackle-confirmation-bias},
    publisher   = {Journalistic Platform TU Delft},
    place       = {Delta},
    date        = {2021-06-22}
}


@article{vanRooij2021,
    title       = {Theory before the test: How to build high-verisimilitude explanatory theories in psychological science},
    author      = {van Rooij, I. and Baggio, G.},
    number      = {4},
    volume      = {16},
    url         = {https://doi.org/10.1177/1745691620970604},
    doi         = {10.1177/1745691620970604},
    date        = {2021},
    pages       = {682–697},
    journal     = {Perspectives on Psychological Science}
}


@article{Vazire2018,
    title       = {Implications of the credibility revolution for productivity, creativity, and progress},
    author      = {Vazire, S.},
    number      = {4},
    volume      = {13},
    url         = {https://doi.org/10.1177/1745691617751884},
    doi         = {10.1177/1745691617751884},
    date        = {2018},
    pages       = {411–417},
    journal     = {Perspectives on Psychological Science}
}


@article{Vazire2022,
    title       = {Credibility beyond replicability: Improving the four validities in psychological science},
    author      = {Vazire, S. and Schiavone, S. R. and Bottesini, J. G.},
    number      = {2},
    volume      = {31},
    url         = {https://doi.org/10.1177/09637214211067779},
    doi         = {10.1177/09637214211067779},
    date        = {2022},
    pages       = {162–168},
    journal     = {Current Directions in Psychological Science}
}


@article{Wagenmakers2012,
    title       = {A year of horrors},
    author      = {Wagenmakers, E. J.},
    volume      = {27},
    date        = {2012},
    pages       = {12–13},
    journal     = {De Psychonoom}
}


@article{Wagenmakers2012a,
    title       = {An agenda for purely confirmatory research},
    author      = {Wagenmakers, E. J. and Wetzels, R. and Borsboom, D. and van der Maas, H. L. and Kievit, R. A.},
    number      = {6},
    volume      = {7},
    url         = {https://doi.org/10.1177/1745691612463078},
    doi         = {10.1177/1745691612463078},
    date        = {2012},
    pages       = {632–638},
    journal     = {Perspectives on Psychological Science}
}


@article{Walkup2021,
    title       = {Replication and reform: Vagaries of a social movement},
    author      = {Walkup, J.},
    number      = {2},
    volume      = {41},
    url         = {https://doi.org/10.1037/teo0000171},
    doi         = {10.1037/teo0000171},
    date        = {2021},
    pages       = {131–133},
    journal     = {Journal of Theoretical and Philosophical Psychology}
}


@article{Wentzel2021,
    title       = {Open science reforms: Strengths, challenges, and future directions},
    author      = {Wentzel, K. R.},
    number      = {2},
    volume      = {56},
    url         = {https://doi.org/10.1080/00461520.2021.1901709},
    doi         = {10.1080/00461520.2021.1901709},
    date        = {2021},
    pages       = {161–173},
    journal     = {Educational Psychologist}
}


@article{Whitaker2020,
    title       = {{\#bropenscience is broken science}},
    author      = {Whitaker, K. and Guest, O.},
    volume      = {33},
    url         = {https://thepsychologist.bps.org.uk/volume-33/november-2020/bropenscience-broken-science},
    date        = {2020},
    pages       = {34–37},
    journal     = {The Psychologist}
}


@article{Wiggins2019,
    title       = {The replication crisis in psychology: An overview for theoretical and philosophical psychology},
    author      = {Wiggins, B. J. and Christopherson, C. D.},
    number      = {4},
    volume      = {39},
    url         = {https://doi.org/10.1037/teo0000137},
    doi         = {10.1037/teo0000137},
    date        = {2019},
    pages       = {202–217},
    journal     = {Journal of Theoretical and Philosophical Psychology}
}


@article{Wood2019,
    title       = {No crisis but no time for complacency},
    author      = {Wood, W. and Wilson, T. D.},
    number      = {7},
    volume      = {32},
    url         = {https://www.psychologicalscience.org/observer/no-crisis-but-no-time-for-complacency},
    date        = {2019-08-22},
    journal     = {APS Observer}
}


@article{Zwaan2018,
    title       = {Making replication mainstream},
    author      = {Zwaan, R. A. and Etz, A. and Lucas, R. E. and Donnellan, M. B.},
    volume      = {41, Article E120},
    url         = {https://doi.org/10.1017/S0140525X17001972},
    doi         = {10.1017/S0140525X17001972},
    date        = {2018},
    journal     = {Behavioral and Brain Sciences}
}
