%% LaTeX2e file `bibliography.bib'
%% generated by the `filecontents' environment
%% from source `van-meer' on 2023/04/24.
%%

  @article{Blass2006,
  title       = {On the road to obesity: Television viewing increases intake of high-density foods},
  author      = {Blass, E. M. and Anderson, D. R. and Kirkorian, H. L. and Pempek, T. A. and Price, I. and Koleini, M. F.},
  number      = {4-5},
  volume      = {88},
  url         = {https://doi.org/10.1016/j.physbeh.2006.05.035},
  doi         = {10.1016/j.physbeh.2006.05.035},
  publisher   = {Elsevier BV},
  date        = {2006},
  pages       = {597-604},
  journal     = {Physiology \& Behavior}
}



@article{Boon2002,
        doi = {10.1348/135910702169303},
        url = {https://doi.org/10.1348/135910702169303},
        year = 2002,
        month = {feb},
        publisher = {Wiley},
        volume = {7},
        number = {1},
        pages = {1--10},
        author = {Brigitte Boon and Wolfgang Stroebe and Henk Schut and Richta Ijntema},
        title = {Ironic processes in the eating behaviour of restrained eaters},
        journal = {British Journal of Health Psychology}
}




@article{Forde2018,
    title       = {From perception to ingestion: The role of sensory properties in energy selection, eating behaviour and food intake.},
    journal     = {Food Quality and Preference},
    volume      = {66},
    author      = {Forde, C. G.},
    date        = {2018},
    pages       = {171–177}
}





@article{Higgs2009,
    title       = {Television watching during lunch increases afternoon snack intake of young women},
    author      = {Higgs, S. and Woodward, M.},
    journal     = {Appetite},
    volume      = {52},
    date        = {2009},
    pages       = {39–43}
}


@article{Hirschberg2016,
    title       = {The changing market for food delivery},
    author      = {Hirschberg, C. and Rajko, A. and Schumacher, T. and Wrulich, M.},
    url         = {https://www.mckinsey.com/industries/technology-media-and-telecommunications/our-insights/the-changing-market-for-food-delivery},
    date        = {2016-11-09},
    journal     = {Mckinsey and Co}
}



@article{RCoreTeam2019,
    title       = {R: A language and environment for statistical computing. {R Foundation for Statistical Computing}},
    author      = {{R Core Team}},
    url         = {https://www.R-project.org/.},
    date        = {2019}
}


@article{Reichenberger2018,
    title       = {No haste, more taste: An {EMA} study of the effects of stress, negative and positive emotions on eating behavior },
    author      = {Reichenberger, J. and Kuppens, P. and Liedlgruber, M. and Wilhelm, F. H. and Tiefengrabner, M. and Ginzinger, S. and Blechert, J.},
    date        = {2018},
    pages       = {54–62},
    journal     = {Biological Psychology},
    volume      = {131}
}






@article{Small2019,
    author      = {Small, D. M. and DiFeliceantonio, A. G.},
    number      = {6425},
    volume      = {363},
    date        = {2019},
    pages       = {346–347},
    title = {Processed foods and food rewards},
    journal = {Science}
}





@article{Tang2014,
    title       = {Behavioral and neural valuation of foods is driven by implicit knowledge of caloric content. },
    author      = {Tang, D. W. and Fellows, L. K. and Dagher, A.},
    date        = {2014},
    journal     = {Psychological Science},
    volume      = {25},
    number      = {12},
    pages       = {2168–2176}
}

@article{Tobin1958,
        doi = {10.2307/2296205},
        url = {https://doi.org/10.2307/2296205},
        year = 1958,
        month = {feb},
        publisher = {Oxford University Press ({OUP})},
        volume = {25},
        number = {2},
        pages = {65},
        author = {J. Tobin},
        title = {Liquidity Preference as Behavior Towards Risk},
        journal = {The Review of Economic Studies}
}



@article{VoedingscentrumND,
    title       = {Wat is de voedingswaarde van chips op basis van aardappelmeel},
    author      = {{Voedingscentrum}},
    url         = {https://www.voedingscentrum.nl/nl/service/vraag-en-antwoord/gezonde-voeding-en-voedingsstoffen/hoeveel-voedingswaarden-zitten-erin/chips-op-basis-van-aardappelmeel.aspx},
    date        = {n.d.}
}




@article{Antoun2017,
title       = {The acute physiological stress response to driving: A systematic review},
author      = {Antoun, Michael and Edwards, Kate M. and Sweeting, Joanna and Ding, Ding},
editor      = {Xu, Jun},
number      = {10},
volume      = {12},
url         = {https://doi.org/10.1371/journal.pone.0185517},
doi         = {10.1371/journal.pone.0185517},
publisher   = {Public Library of Science (PLoS)},
date        = {2017-10-16},
pages       = {e0185517},
journal     = {PLOS ONE}
}



@article{Bolhuis2012,
title       = {Effect of salt intensity in soup on ad libitum intake and on subsequent food choice},
author      = {Bolhuis, Dieuwerke P. and Lakemond, Catriona M.M. and de Wijk, Rene A. and Luning, Pieternel A. and de Graaf, Cees},
number      = {1},
volume      = {58},
url         = {https://doi.org/10.1016/j.appet.2011.09.001},
doi         = {10.1016/j.appet.2011.09.001},
publisher   = {Elsevier BV},
date        = {2012-02},
pages       = {48-55},
journal     = {Appetite}
}


@article{Crespo2001,
        doi = {10.1001/archpedi.155.3.360},
        url = {https://doi.org/10.1001/archpedi.155.3.360},
        year = 2001,
        month = {mar},
        publisher = {American Medical Association ({AMA})},
        volume = {155},
        number = {3},
        pages = {360},
        author = {Carlos J. Crespo and Ellen Smit and Richard P. Troiano and Susan J. Bartlett and Caroline A. Macera and Ross E. Andersen},
        title = {Television Watching, Energy Intake, and Obesity in {US} Children},
        journal = {Archives of Pediatrics \& Adolescent Medicine}
}


@article{DiFeliceantonio2018,
title       = {Supra-additive effects of combining fat and carbohydrate on food reward},
journal      = { Cell Metabolism},
volume      = {28},
number      = {1},
author      = {DiFeliceantonio, A. G. and Coppin, G. and Rigoux, L. and Thanarajah, S. E. and Dagher, A. and Tittgemeyer, M. and Small, D. M.},
date        = {2018},
pages       = {33–44}
}


@article{Dingus2016,
title       = {Driver crash risk factors and prevalence evaluation using naturalistic driving data},
author      = {Dingus, Thomas A. and Guo, Feng and Lee, Suzie and Antin, Jonathan F. and Perez, Miguel and Buchanan-King, Mindy and Hankey, Jonathan},
number      = {10},
volume      = {113},
url         = {https://doi.org/10.1073/pnas.1513271113},
doi         = {10.1073/pnas.1513271113},
publisher   = {Proceedings of the National Academy of Sciences},
date        = {2016-02-22},
pages       = {2636-2641},
journal     = {Proceedings of the National Academy of Sciences}
}


@article{Dubois2008,
title       = {Social factors and television use during meals and snacks is associated with higher BMI among pre-school children},
author      = {Dubois, Lise and Farmer, Anna and Girard, Manon and Peterson, Kelly},
number      = {12},
volume      = {11},
url         = {https://doi.org/10.1017/s1368980008002887},
doi         = {10.1017/s1368980008002887},
publisher   = {Cambridge University Press (CUP)},
date        = {2008-12},
pages       = {1267-1279},
journal     = {Public Health Nutrition}
}


@article{Duif2020,
title       = {Effects of distraction on taste-related neural processing: a cross-sectional {fMRI} study},
author      = {Duif, Iris and Wegman, Joost and Mars, Monica M and de Graaf, Cees and Smeets, Paul AM and Aarts, Esther},
number      = {5},
volume      = {111},
url         = {https://doi.org/10.1093/ajcn/nqaa032},
doi         = {10.1093/ajcn/nqaa032},
publisher   = {Elsevier BV},
date        = {2020-05},
pages       = {950-961},
journal     = {The American Journal of Clinical Nutrition}
}


@inbook{Monitor2018,
title       = {{FSIN FoodShopper Monitor 2019}},
author      = {{FoodShopper Monitor}},
url         = {https://fsin.nl/foodshoppermonitor},
date        = {2018},
booktitle     = {FoodService Instituut Nederland}
}





@article{Forde2013,
title       = {Oral processing characteristics of solid savoury meal components, and relationship with food composition, sensory attributes and expected satiation},
author      = {Forde, C. G. and van Kuijk, N. and Thaler, T. and de Graaf, C. and Martin, N.},
volume      = {60},
url         = {https://doi.org/10.1016/j.appet.2012.09.015},
doi         = {10.1016/j.appet.2012.09.015},
publisher   = {Elsevier BV},
date        = {2013-01},
pages       = {208-219},
journal     = {Appetite}
}


@article{Henningsen2010,
title       = {Estimating censored regression models in {R using the censReg Package}},
author      = {Henningsen, A.},
volume      = {5},
date        = {2010},
pages       = {1–12},
journal     = {R Package Vignettes}
}


@article{Hoffmann-Hensel2017,
title       = {Cognitive Load Alters Neuronal Processing of Food Odors},
author      = {Hoffmann-Hensel, Sonja Maria and Sijben, Rik and Rodriguez-Raecke, Rea and Freiherr, Jessica},
number      = {9},
volume      = {42},
url         = {https://doi.org/10.1093/chemse/bjx046},
doi         = {10.1093/chemse/bjx046},
publisher   = {Oxford University Press (OUP)},
date        = {2017-08-10},
pages       = {723-736},
journal     = {Chemical Senses}
}


@article{Higgs2011,
title       = {Focusing on food during lunch enhances lunch memory and decreases later snack intake},
author      = {Higgs, Suzanne and Donohoe, Jessica E.},
number      = {1},
volume      = {57},
url         = {https://doi.org/10.1016/j.appet.2011.04.016},
doi         = {10.1016/j.appet.2011.04.016},
publisher   = {Elsevier BV},
date        = {2011-08},
pages       = {202-206},
journal     = {Appetite}
}


@article{Higgs2008,
title       = {Recall of recent lunch and its effect on subsequent snack intake},
author      = {Higgs, Suzanne and Williamson, Amy C. and Attwood, Angela S.},
number      = {3},
volume      = {94},
url         = {https://doi.org/10.1016/j.physbeh.2008.02.011},
doi         = {10.1016/j.physbeh.2008.02.011},
publisher   = {Elsevier BV},
date        = {2008-06},
pages       = {454-462},
journal     = {Physiology \& Behavior}
}





@article{Irwin2015,
title       = {The Influence of Drinking, Texting, and Eating on Simulated Driving Performance},
author      = {Irwin, Christopher and Monement, Sophie and Desbrow, Ben},
number      = {2},
volume      = {16},
url         = {https://doi.org/10.1080/15389588.2014.920953},
doi         = {10.1080/15389588.2014.920953},
publisher   = {Informa UK Limited},
date        = {2014-10-15},
pages       = {116-123},
journal     = {Traffic Injury Prevention}
}


@article{Liang2018,
title       = {Memory Load Influences Taste Sensitivities},
author      = {Liang, Pei and Jiang, Jiayu and Ding, Qingguo and Tang, Xiaoyan and Roy, Soumyajit},
volume      = {9},
url         = {https://doi.org/10.3389/fpsyg.2018.02533},
doi         = {10.3389/fpsyg.2018.02533},
publisher   = {Frontiers Media SA},
date        = {2018-12-11},
journal     = {Frontiers in Psychology}
}


@article{McCrickerd2016,
title       = {Sensory influences on food intake control: moving beyond palatability},
author      = {McCrickerd, K. and Forde, C. G.},
number      = {1},
volume      = {17},
url         = {https://doi.org/10.1111/obr.12340},
doi         = {10.1111/obr.12340},
publisher   = {Wiley},
date        = {2015-12-11},
pages       = {18-29},
journal     = {Obesity Reviews}
}


@article{Morris2020,
title       = {Ingested but not perceived: Response to satiety cues disrupted by perceptual load},
author      = {Morris, Jenny and Vi, Chi Thanh and Obrist, Marianna and Forster, Sophie and Yeomans, Martin R.},
volume      = {155},
url         = {https://doi.org/10.1016/j.appet.2020.104813},
doi         = {10.1016/j.appet.2020.104813},
publisher   = {Elsevier BV},
date        = {2020-12},
pages       = {104813},
journal     = {Appetite}
}


@article{Moskowitz1972,
title       = {Perceptual changes in taste mixtures},
author      = {Moskowitz, Howard R.},
number      = {4},
volume      = {11},
url         = {https://doi.org/10.3758/bf03210374},
doi         = {10.3758/bf03210374},
publisher   = {Springer Science and Business Media LLC},
date        = {1972-07},
pages       = {257-262},
journal     = {Perception \& Psychophysics}
}


@article{Ogden2013,
title       = {Distraction, restrained eating and disinhibition: An experimental study of food intake and the impact of ‘eating on the go’},
author      = {Ogden, Jane and Oikonomou, Eirini and Alemany, Georgina},
number      = {1},
volume      = {22},
url         = {https://doi.org/10.1177/1359105315595119},
doi         = {10.1177/1359105315595119},
publisher   = {SAGE Publications},
date        = {2016-07-10},
pages       = {39-50},
journal     = {Journal of Health Psychology}
}


@article{Oldham-Cooper2010,
title       = {Playing a computer game during lunch affects fullness, memory for lunch, and later snack intake},
author      = {Oldham-Cooper, Rose E and Hardman, Charlotte A and Nicoll, Charlotte E and Rogers, Peter J and Brunstrom, Jeffrey M},
number      = {2},
volume      = {93},
url         = {https://doi.org/10.3945/ajcn.110.004580},
doi         = {10.3945/ajcn.110.004580},
date        = {2011-02},
pages       = {308-313},
journal     = {The American Journal of Clinical Nutrition}
}


@article{Polivy1978,
title       = {Internal and external components of emotionality in restrained and unrestrained eaters.},
author      = {Polivy, Janet and Herman, C. Peter and Warsh, Shelley},
number      = {5},
volume      = {87},
url         = {https://doi.org/10.1037/0021-843x.87.5.497},
doi         = {10.1037/0021-843x.87.5.497},
publisher   = {American Psychological Association (APA)},
date        = {1978-10},
pages       = {497-504},
journal     = {Journal of Abnormal Psychology}
}






@article{Robinson2013,
title       = {Eating attentively: a systematic review and meta-analysis of the effect of food intake memory and awareness on eating},
author      = {Robinson, Eric and Aveyard, Paul and Daley, Amanda and Jolly, Kate and Lewis, Amanda and Lycett, Deborah and Higgs, Suzanne},
number      = {4},
volume      = {97},
url         = {https://doi.org/10.3945/ajcn.112.045245},
doi         = {10.3945/ajcn.112.045245},
publisher   = {Elsevier BV},
date        = {2013-04},
pages       = {728-742},
journal     = {The American Journal of Clinical Nutrition}
}


@article{Robinson2014,
title       = {Eating ‘attentively’ reduces later energy consumption in overweight and obese females},
author      = {Robinson, Eric and Kersbergen, Inge and Higgs, Suzanne},
number      = {4},
volume      = {112},
url         = {https://doi.org/10.1017/s000711451400141x},
doi         = {10.1017/s000711451400141x},
publisher   = {Cambridge University Press (CUP)},
date        = {2014-06-16},
pages       = {657-661},
journal     = {British Journal of Nutrition}
}


@article{Rolls2008,
title       = {The orbitofrontal cortex and beyond: From affect to decision-making},
author      = {Rolls, Edmund T. and Grabenhorst, Fabian},
number      = {3},
volume      = {86},
url         = {https://doi.org/10.1016/j.pneurobio.2008.09.001},
doi         = {10.1016/j.pneurobio.2008.09.001},
publisher   = {Elsevier BV},
date        = {2008-11},
pages       = {216-244},
journal     = {Progress in Neurobiology}
}


@article{Rosseel2012,
title       = {lavaan: An {R} Package for Structural Equation Modeling},
author      = {Rosseel, Yves},
number      = {2},
volume      = {48},
url         = {https://doi.org/10.18637/jss.v048.i02},
doi         = {10.18637/jss.v048.i02},
publisher   = {Foundation for Open Access Statistic},
date        = {2012},
pages       = {1–36},
journal     = {Journal of Statistical Software}
}


@inbook{Rousseeuw2006,
title       = {A conceptual model of the food choice process over the life course.},
author      = {Sobal, J. and Bisogni, C. A. and Devine, C. M. and Jastran, M.},
volume      = {3},
url         = {https://doi.org/10.1079/9780851990323.0001},
doi         = {10.1079/9780851990323.0001},
publisher   = {CABI},
place       = {UK},
date        = {2006-01},
pages       = {1-18},
booktitle     = {The psychology of food choice}
}


@article{Spence2010,
title       = {The Influence of auditory cues on the perception of, and responses to, food and drink},
author      = {Spence, Charles and Shankar, Maya U.},
number      = {3},
volume      = {25},
url         = {https://doi.org/10.1111/j.1745-459x.2009.00267.x},
doi         = {10.1111/j.1745-459x.2009.00267.x},
publisher   = {Wiley},
date        = {2010-03-19},
pages       = {406-430},
journal     = {Journal of Sensory Studies}
}


@article{Stafford2013,
title       = {Music increases alcohol consumption rate in young females.},
author      = {Stafford, Lorenzo D. and Dodd, Hannah},
number      = {5},
volume      = {21},
url         = {https://doi.org/10.1037/a0034020},
doi         = {10.1037/a0034020},
publisher   = {American Psychological Association (APA)},
date        = {2013-10},
pages       = {408-415},
journal     = {Experimental and Clinical Psychopharmacology}
}


@article{Stroebele2006,
title       = {Listening to music while eating is related to increases in people's food intake and meal duration},
author      = {Stroebele, Nanette and de Castro, John M.},
number      = {3},
volume      = {47},
url         = {https://doi.org/10.1016/j.appet.2006.04.001},
doi         = {10.1016/j.appet.2006.04.001},
publisher   = {Elsevier BV},
date        = {2006-11},
pages       = {285-289},
journal     = {Appetite}
}


@article{Stutts2005,
title       = {Driver's exposure to distractions in their natural driving environment},
author      = {Stutts, Jane and Feaganes, John and Reinfurt, Donald and Rodgman, Eric and Hamlett, Charles and Gish, Kenneth and Staplin, Loren},
number      = {6},
volume      = {37},
url         = {https://doi.org/10.1016/j.aap.2005.06.007},
doi         = {10.1016/j.aap.2005.06.007},
publisher   = {Elsevier BV},
date        = {2005-11},
pages       = {1093-1101},
journal     = {Accident Analysis \& Prevention}
}



@article{Torres2007,
title       = {Relationship between stress, eating behavior, and obesity},
author      = {Torres, Susan J. and Nowson, Caryl A.},
number      = {11-12},
volume      = {23},
url         = {https://doi.org/10.1016/j.nut.2007.08.008},
doi         = {10.1016/j.nut.2007.08.008},
publisher   = {Elsevier BV},
date        = {2007-11},
pages       = {887-894},
journal     = {Nutrition}
}


@article{Wal2013,
title       = {Leaving a Flat Taste in Your Mouth},
author      = {van der Wal, Reine C. and van Dillen, Lotte F.},
number      = {7},
volume      = {24},
url         = {https://doi.org/10.1177/0956797612471953},
doi         = {10.1177/0956797612471953},
publisher   = {SAGE Publications},
date        = {2013-05-30},
pages       = {1277-1284},
journal     = {Psychological Science}
}

@article{Wallis2009,
title       = {Emotions and eating. {S}elf-reported and experimentally induced changes in food intake under stress},
journal     = {Appetite},
author      = {Wallis, D. J. and Hetherington, M. M.},
number      = {2},
volume      = {52},
date        = {2009},
pages       = {355–362}
}


@article{Wallis2004,
title       = {Stress and eating: the effects of ego-threat and cognitive demand on food intake in restrained and emotional eaters},
author      = {Wallis, D. J. and Hetherington, M. M.},
number      = {1},
volume      = {43},
url         = {https://doi.org/10.1016/j.appet.2004.02.001},
doi         = {10.1016/j.appet.2004.02.001},
publisher   = {Elsevier BV},
date        = {2004-08},
pages       = {39-46},
journal     = {Appetite}
}


@book{Yamauchi2013,
title       = {Gran Turismo [video game]},
author      = {Yamauchi, K.},
publisher   = {Sony Interactive Entertainment},
date        = {2013}
}


@article{Young2008,
title       = {Crash dieting: The effects of eating and drinking on driving performance},
author      = {Young, Mark S. and Mahfoud, Janina M. and Walker, Guy H. and Jenkins, Daniel P. and Stanton, Neville A.},
number      = {1},
volume      = {40},
url         = {https://doi.org/10.1016/j.aap.2007.04.012},
doi         = {10.1016/j.aap.2007.04.012},
publisher   = {Elsevier BV},
date        = {2008-01},
pages       = {142-148},
journal     = {Accident Analysis \& Prevention}
}


@article{Zontone2020,
title       = {Stress Evaluation in Simulated Autonomous and Manual Driving through the Analysis of Skin Potential Response and Electrocardiogram Signals},
author      = {Zontone, Pamela and Affanni, Antonio and Bernardini, Riccardo and Del Linz, Leonida and Piras, Alessandro and Rinaldo, Roberto},
number      = {9},
volume      = {20},
url         = {https://doi.org/10.3390/s20092494},
doi         = {10.3390/s20092494},
publisher   = {MDPI AG},
date        = {2020-04-28},
pages       = {2494},
journal     = {Sensors}
}
