%% LaTeX2e file `bibliography.bib'
%% generated by the `filecontents' environment
%% from source `main' on 2023/11/23.
%%
 @inbook{Amir1998,
    title       = {The use of Israeli folksongs in dealing with women's bereavement and loss in music therapy},
    author      = {Amir, D.},
    editor      = {Dokter, D.},
    publisher   = {Jessica Kingsley Publishers},
    date        = {1998},
    pages       = {217--235},
    booktitle     = {Art therapists, refugees and migrants}
}


@article{Baker2005,
    title       = {Holding a steady beat: {T}he effects of a music therapy program on stabilizing behaviors of newly arrived refugee students},
    author      = {Baker, F. and Jones, C.},
    volume      = {19},
    date        = {2005},
    pages       = {67--74},
    journal     = {British Journal of Music Therapy}
}


@article{Bensimon2008,
    title       = {Drumming through trauma: {M}usic therapy with post-traumatic soldiers},
    author      = {Bensimon, M. and Amir, D. and Wolf, Y.},
    number      = {1},
    volume      = {35},
    date        = {2008},
    pages       = {34--48},
    journal     = {The Arts in Psychotherapy}
}


@article{Brom2017,
    title       = {Somatic experiencing for posttraumatic stress disorder: {A} randomized controlled outcome study},
    author      = {Brom, D. and Stoker, Y. and Lawi, C. and Nuriel- Porat, V. and Ziv, Y. and Lerner, K. and Ross, G.},
    number      = {3},
    volume      = {30},
    date        = {2017},
    pages       = {304--312},
    journal     = {Journal of Traumatic Stress}
}


@book{Coale2020,
    title       = {The vulnerable therapist practicing psychotherapy in an age of anxiety},
    author      = {Coale, H. W.},
    url         = {https://doi.org/10.4324/9781315809922},
    doi         = {10.4324/9781315809922},
    publisher   = {Routledge Publishers},
    date        = {2020}
}


@article{Coren2017,
    title       = {A qualitative investigation of the nature of “informal supervision” among therapists in training},
    author      = {Coren, S. and Farber, B. A.},
    number      = {5},
    volume      = {29},
    url         = {https://doi.org/10.1080/10503307.2017.1408974},
    doi         = {10.1080/10503307.2017.1408974},
    date        = {2017},
    pages       = {679--690},
    journal     = {Psychotherapy Research}
}


@article{DeMaat2013,
    author      = {De Maat, S. and De Jonghe, F. and De Kraker, R. and Leichsenring, F. and Abbass, A. and Luyten, P. and Barber, J. P. and Van, R. and Dekker, J.},
    date        = {2013}
}


@inproceedings{Doolan2023,
    title       = {Music therapy as treatment for children with attention deficit hyperactivity disorder ({ADHD}): {W}hich methods are most effective?},
    author      = {Doolan, A.},
    editor      = {Williams, J. and Stead, M. and Leonard, J.},
    url         = {https://doi.org/10.26183/x0ry-nf79},
    doi         = {10.26183/x0ry-nf79},
    publisher   = {Western Sydney University},
    date        = {2023},
    pages       = {45--58},
    booktitle     = {Music talks: Proceedings of the Western Sydney University Undergraduate Musicology Conference 2022}
}


@book{Drost2004,
    title       = {Group therapy with children},
    author      = {Drost, G. and Bailly, S.},
    publisher   = {Ach Publishers},
    date        = {2004}
}


@article{Felsenstein2013,
    title       = {From uprooting to replanting: {O}n post-trauma group music therapy for pre-school children},
    author      = {Felsenstein, R.},
    number      = {1},
    volume      = {22},
    url         = {https://doi.org/10.1080/08098131.2012.667824},
    doi         = {10.1080/08098131.2012.667824},
    date        = {2013},
    pages       = {69--85},
    journal     = {Nordic Journal of Music Therapy}
}


@article{Gamsa1985,
    title       = {The use of structured group therapy sessions in the treatment of chronic pain patients},
    author      = {Gamsa, A. and Braha, R. E. D. and Catchlove, R. F. H.},
    number      = {1},
    volume      = {22},
    url         = {https://doi.org/10.1016/0304-3959(85)90151-4},
    doi         = {10.1016/0304-3959(85)90151-4},
    date        = {1985},
    pages       = {91--96},
    journal     = {Pain}
}


@article{Geue2010,
    title       = {An overview of art therapy interventions for cancer patients and the results of research},
    author      = {Geue, K. and Goetze, H. and Buttstaedt, M. and Kleinert, E. and Richter, D. and Singer, S.},
    number      = {3-4},
    volume      = {18},
    url         = {https://doi.org/10.1016/j.ctim.2010.04.001},
    doi         = {10.1016/j.ctim.2010.04.001},
    date        = {2010},
    pages       = {160--170},
    journal     = {Complementary Therapies in Medicine}
}


@article{Gilboa-Schechtman2010,
    title       = {Prolonged exposure versus dynamic therapy for adolescent {PTSD}: {A} pilot randomized controlled trial},
    author      = {Gilboa-Schechtman, E. and Foa, E. B. and Shafran, N. and Aderka, I. M. and Powers, M. B. and Rachamim, L. and Rosenbach, L. and Yadin, E. and Apter, A.},
    number      = {10},
    volume      = {49},
    url         = {https://doi.org/10.1016/j.jaac.2010.07.014},
    doi         = {10.1016/j.jaac.2010.07.014},
    date        = {2010},
    pages       = {1034--1042},
    journal     = {Journal of the American Academy of Child \& Adolescent Psychiatry}
}


@inbook{Gilboa2022,
    title       = {Five practical steps for dealing with mistakes in music therapy},
    author      = {Gilboa, A.},
    editor      = {Gilboa, A. and Hakvoot, L.},
    publisher   = {ArtEZ Press},
    date        = {2022},
    pages       = {271--289},
    booktitle     = {Breaking strings: Mistakes in music therapy}
}


@article{Nindya2019,
    title       = {Program intervensi musik terhadap hiperaktivitas anak attention deficit hyperactivity disorder ({ADHD}},
    author      = {Nindya, B. and Wimbarti, S. S.},
    number      = {1},
    volume      = {5},
    url         = {https://doi.org/10.22146/gamajpp.48584},
    doi         = {10.22146/gamajpp.48584},
    date        = {2019},
    pages       = {15--25},
    journal     = {Gadjah Mada Journal of Professional Psychology}
}


@inbook{Hakvoort2022,
    title       = {Some mistakes are made: {M}istakes \& the novice music therapy},
    author      = {Hakvoort, L.},
    editor      = {Gilboa, A. and Hakvoot, L.},
    publisher   = {ArtEZ Press},
    date        = {2022},
    pages       = {165--180},
    booktitle     = {Breaking strings: Mistakes in music therapy}
}


@article{Hunt2005,
    title       = {Action research and music therapy: {G}roup music therapy with young refugees in a school community},
    author      = {Hunt, M.},
    number      = {2},
    volume      = {5},
    url         = {https://doi.org/10.15845/voices.v5i2.223},
    doi         = {10.15845/voices.v5i2.223},
    date        = {2005},
    journal     = {Voices: A World Forum for Music Therapy}
}


@article{Jackson2003,
    title       = {A survey of music therapy methods and their role in the treatment of early elementary school children with {ADHD}},
    author      = {Jackson, N. A.},
    number      = {4},
    volume      = {40},
    date        = {2003},
    pages       = {302--323, 10 1093 40 4 302},
    journal     = {Journal of Music Therapy}
}


@article{Kelly2020,
    title       = {Alcoholics anonymous and 12-Step facilitation treatments for alcohol use disorder: {A} distillation of a 2020 Cochrane review for clinicians and policy makers},
    author      = {Kelly, J. F. and Abry, A. and Ferri, M. and Humphreys, K.},
    number      = {6},
    volume      = {55},
    date        = {2020},
    pages       = {641--651 10 1093 050},
    journal     = {Alcohol and Alcoholism}
}


@article{Kuhfuss2021,
    title       = {Somatic experiencing -- effectiveness and key factors of a body-oriented trauma therapy: a scoping literature review},
    author      = {Kuhfuss, M. and Maldei, T. and Hetmanek, A. and Baumann, N.},
    volume      = {1929023},
    url         = {https://doi.org/10.1080/20008198.2021.1929023},
    doi         = {10.1080/20008198.2021.1929023},
    date        = {2021},
    journal     = {European Journal of Psychotraumatology, 12(1), Article}
}


@article{Liu2017,
    title       = {Delivery strategies of the {CRISPR}-Cas9 gene-editing system for therapeutic applications},
    author      = {Liu, C. and Zhang, L. and Liu, H. and Cheng, K.},
    url         = {https://doi.org/10.1016/j.jconrel.2017.09.012},
    doi         = {10.1016/j.jconrel.2017.09.012},
    date        = {2017},
    pages       = {266, 17--26},
    journal     = {Journal of Controlled Release}
}


@article{Mishchykha2023,
    title       = {Application of mindfulness practices in work on stress reduction during the war},
    author      = {Mishchykha, L. and Cherniavska, N. and Kravchenko, V. and Vityuk, N. and Kulesha-Liubinets, M. and Khrushch, O.},
    volume      = {81},
    date        = {2023},
    pages       = {25--38},
    journal     = {Revista de Cercetare şi Intervenţie Socială}
}


@article{bib22,
    url         = {https://www.ceeol.com/search/article-detail?id=1135951}
}


@article{Orth2005,
    title       = {Music therapy with traumatized refugees in a clinical setting},
    author      = {Orth, J.},
    number      = {2},
    volume      = {5},
    url         = {https://doi.org/10.15845/voices.v5i2.227},
    doi         = {10.15845/voices.v5i2.227},
    date        = {2005},
    journal     = {Voices: A World Forum for Music Therapy}
}


@inbook{Peterson2019,
    title       = {Prolonged exposure therapy},
    author      = {Peterson, A. L. and Foa, E. B. and Riggs, D. S.},
    editor      = {Moore, B.A. and E, W.},
    publisher   = {The Guilford Press},
    date        = {2019},
    pages       = {46--62},
    booktitle     = {Penk (Eds.), Treating PTSD in military personnel: A clinical}
}


@article{Rickson2003,
    title       = {Music therapy to promote prosocial behaviors in aggressive adolescent boys - a pilot study},
    author      = {Rickson, D. J. and Watkins, G. W.},
    number      = {4},
    volume      = {40},
    doi         = {10.1093/jmt/40.4.283},
    date        = {2003},
    pages       = {283--301},
    journal     = {Journal of Music Therapy}
}


@article{Shamoon2017,
    title       = {Managing anxiety: {A} therapist common factor},
    author      = {Shamoon, Z. A. Lappan and {S} and Blow, A. J.},
    volume      = {39},
    url         = {https://doi.org/10.1007/s10591-016-9399-1},
    doi         = {10.1007/s10591-016-9399-1},
    date        = {2017},
    pages       = {43--53},
    journal     = {Contemporary Family Therapy}
}


@article{Shapiro2017,
    title       = {Eye movement desensitization and reprocessing ({EMDR}) therapy: {B}asic principles, protocols, and procedures},
    author      = {Shapiro, F.},
    place       = {Guilford Publications},
    date        = {2017}
}


@article{Shapiro2014,
    title       = {The role of eye movement desensitization and reprocessing ({EMDR}) therapy in medicine: {A}ddressing the psychological and physical symptoms stemming from adverse life experiences},
    author      = {Shapiro, F.},
    volume      = {18(1},
    url         = {https://doi.org/10.7812/TPP/13-098},
    doi         = {10.7812/TPP/13-098},
    date        = {2014},
    pages       = {71--77},
    journal     = {The Permanente Journal}
}


@article{Sloshower2020,
    title       = {Psilocybin-assisted therapy of major depressive disorder using acceptance and commitment therapy as a therapeutic frame},
    author      = {Sloshower, J. and Guss, J. and Krause, R. and Wallace, R. M. and Williams, M. T. and Reed, S. and Skinta, M. D.},
    volume      = {15},
    url         = {https://doi.org/10.1016/j.jcbs.2019.11.002},
    doi         = {10.1016/j.jcbs.2019.11.002},
    date        = {2020},
    pages       = {12--19},
    journal     = {Journal of Contextual Behavioral Science}
}


@article{Tarugu2019,
    title       = {Effectiveness of structured group reminiscence therapy in decreasing the feelings of loneliness, depressive symptoms and anxiety among inmates of a residential home for the elderly in Chittoor district},
    author      = {Tarugu, J. and Pavithra1, R. and Vinothchandar, S. and Basu, A. and Chaudhuri, S. and John, K. R.},
    number      = {2},
    volume      = {6},
    url         = {http://dx.doi.org/10.18203/2394-6040.ijcmph20190218},
    doi         = {10.18203/2394-6040.ijcmph20190218},
    date        = {2019},
    pages       = {847--854},
    journal     = {International Journal of Community Medicine and Public Health}
}


@article{Wheeler2002,
    title       = {Experiences and concerns of students during music therapy practica},
    author      = {Wheeler, B. L.},
    number      = {4},
    volume      = {39},
    date        = {2002},
    pages       = {274--304 10 1093 39 4 274},
    journal     = {Journal of Music Therapy}
}


@book{Whitaker1985,
    title       = {Using groups to help people},
    author      = {Whitaker, D. S.},
    publisher   = {Routledge \& Kegan},
    date        = {1985}
}


@book{Wiess2022,
    title       = {Harmonizing hearts with many voices - analysis of the unique phenomenon of mass singing and its contribution to individuals' resilience},
    author      = {Wiess, C. and Maor, R.},
    number      = {2},
    volume      = {22},
    url         = {https://doi.org/10.15845/voices.v22i2.3295},
    doi         = {10.15845/voices.v22i2.3295},
    publisher   = {A World Forum for Music Therapy},
    place       = {Voices},
    date        = {2022}
}


@article{Wiess2020,
    title       = {Group music therapy with uprooted teenagers},
    author      = {Wiess, C. and Bensimon, M.},
    number      = {2},
    volume      = {29},
    date        = {2020},
    pages       = {174--189},
    journal     = {The importance of structure. Nordic Journal of Music}
}


@book{Yalom2017,
    title       = {The gift of therapy: {A}n open letter to a new generation of therapists and their patient's paperback},
    author      = {Yalom, I. D.},
    publisher   = {Basic Books},
    date        = {2017}
}


@book{Yalom2018,
    title       = {The theory and practice of group psychotherapy},
    author      = {Yalom, I. D. and C, Crouch E.},
    publisher   = {Cambridge University Press},
    date        = {2018}
}
