%% LaTeX2e file `bibliography.bib'
%% generated by the `filecontents' environment
%% from source `main' on 2024/03/15.
%%
 @inbook{Arfini2023,
    title       = {Serendipity and ignorance studies},
    author      = {Arfini, S.},
    editor      = {Copeland, S. and Ross, W. and Sand, M.},
    url         = {https://doi.org/10.1007/978-3-031-33529-7\_7},
    doi         = {10.1007/978-3-031-33529-7\_7},
    publisher   = {Springer International Publishing},
    date        = {2023},
    pages       = {125--143},
    booktitle     = {Serendipity Science}
}


@article{Arfini2018,
    title       = {The antinomies of serendipity: {H}ow to cognitively frame serendipity for scientific discoveries},
    author      = {Arfini, S. and Bertolotti, T. and Magnani, L.},
    volume      = {39},
    url         = {https://doi.org/10.1007/s11245-018-9571-3},
    doi         = {10.1007/s11245-018-9571-3},
    date        = {2018},
    pages       = {939--948},
    journal     = {Topoi}
}


@article{Barber1958,
    title       = {The case of the floppy-eared rabbits: {A}n instance of serendipity gained and serendipity lost},
    author      = {Barber, B. and Fox, R. C.},
    number      = {2},
    volume      = {64},
    url         = {https://doi.org/10.1086/222420},
    doi         = {10.1086/222420},
    date        = {1958},
    pages       = {128--136},
    journal     = {American Journal of Sociology}
}


@book{Boden2004,
    title       = {The creative mind: {M}yths and mechanisms},
    author      = {Boden, M. A.},
    publisher   = {Routledge},
    date        = {2004}
}


@inproceedings{Bogers2013,
    title       = {Micro-serendipity: {M}eaningful coincidences in everyday life shared on Twitter},
    author      = {Bogers, T. and Björneborn, L.},
    url         = {https://doi.org/10.9776/13175},
    doi         = {10.9776/13175},
    date        = {2013},
    pages       = {196--208},
    booktitle     = {iConference 2013 Proceedings}
}


@article{Campanario1996,
    title       = {UsingCitation Classics to study the incidence of serendipity in scientific discovery},
    author      = {Campanario, J. M.},
    number      = {1},
    volume      = {37},
    url         = {https://doi.org/10.1007/BF02093482},
    doi         = {10.1007/BF02093482},
    date        = {1996},
    pages       = {3--24},
    journal     = {Scientometrics}
}


@article{Copeland2023,
    title       = {Enacting chance and the space of possibilities},
    author      = {Copeland, S. and Arfini, S. and Ross, W.},
    number      = {3},
    volume      = {1},
    url         = {https://doi.org/10.1177/27538699231191006},
    doi         = {10.1177/27538699231191006},
    date        = {2023},
    pages       = {263--268},
    journal     = {Possibility Studies \& Society}
}


@article{Copeland2018,
    title       = {Fleming leapt on the unusual like a weasel on a vole”: {C}hallenging the paradigms of discovery in science},
    author      = {Copeland, S.},
    number      = {6},
    volume      = {26},
    url         = {https://doi.org/10.1162/posc\_a\_00294},
    doi         = {10.1162/posc\_a\_00294},
    date        = {2018},
    pages       = {694--721},
    journal     = {Perspectives on Science}
}


@article{Darbellay2014,
    title       = {Interdisciplinary research boosted by serendipity},
    author      = {Darbellay, F. and Moody, Z. and Sedooka, A. and Steffen, G.},
    number      = {1},
    volume      = {26},
    url         = {https://doi.org/10.1080/10400419.2014.873653},
    doi         = {10.1080/10400419.2014.873653},
    date        = {2014},
    pages       = {1--10},
    journal     = {Creativity Research Journal}
}


@article{Erdelez2004,
    title       = {Investigation of information encountering in the controlled research environment},
    author      = {Erdelez, S.},
    number      = {6},
    volume      = {40},
    url         = {https://doi.org/10.1016/j.ipm.2004.02.002},
    doi         = {10.1016/j.ipm.2004.02.002},
    date        = {2004},
    pages       = {1013--1025},
    journal     = {Information Processing \& Management}
}


@article{Fine2006,
    title       = {Three principles of Serendip: insight, chance, and discovery in qualitative research},
    author      = {Fine, G. A. and Deegan, J.},
    number      = {4},
    volume      = {9},
    url         = {https://doi.org/10.1080/0951839960090405},
    doi         = {10.1080/0951839960090405},
    date        = {2006},
    pages       = {434--447},
    journal     = {International Journal of Qualitative Studies in Education}
}


@article{Hargrave-Thomas2012,
    title       = {Serendipity in anticancer drug discovery},
    author      = {Hargrave-Thomas, E.},
    number      = {1},
    volume      = {3},
    url         = {https://doi.org/10.5306/wjco.v3.i1.1},
    doi         = {10.5306/wjco.v3.i1.1},
    date        = {2012},
    pages       = {1--6},
    journal     = {World Journal of Clinical Oncology}
}


@article{Henrich2023,
    title       = {What makes us smart?},
    author      = {Henrich, J. and Muthukrishna, M.},
    volume      = {tops.12656},
    url         = {https://doi.org/10.1111/tops.12656},
    doi         = {10.1111/tops.12656},
    date        = {2023},
    journal     = {Topics in Cognitive Science}
}


@article{Makri2012,
    title       = {Coming across information serendipitously -- Part 1: {A} process model},
    author      = {Makri, S. and Blandford, A.},
    volume      = {68},
    url         = {https://doi.org/10.1108/00220411211256030},
    doi         = {10.1108/00220411211256030},
    date        = {2012},
    pages       = {684--705},
    journal     = {Journal of Documentation}
}


@article{McCay-Peet2015,
    title       = {Examination of relationships among serendipity, the environment, and individual differences},
    author      = {McCay-Peet, L. and Toms, E. G. and Kelloway, E. K.},
    number      = {4},
    volume      = {51},
    url         = {https://doi.org/10.1016/j.ipm.2015.02.004},
    doi         = {10.1016/j.ipm.2015.02.004},
    date        = {2015},
    pages       = {391--412},
    journal     = {Information Processing \& Management}
}


@article{McCulloch2021,
    title       = {Serendipity in doctoral education: {T}he importance of chance and the prepared mind in the {P}h{D}},
    author      = {McCulloch, A.},
    number      = {2},
    volume      = {46},
    url         = {https://doi.org/10.1080/0309877X.2021.1905157},
    doi         = {10.1080/0309877X.2021.1905157},
    date        = {2021},
    pages       = {258--271},
    journal     = {Journal of Further and Higher Education}
}


@article{Merton1948,
    title       = {The bearing of empirical research upon the development of social theory},
    author      = {Merton, R.},
    number      = {5},
    volume      = {13},
    date        = {1948},
    pages       = {505--515},
    journal     = {American Sociological Review}
}


@book{Merton2004,
    title       = {The travels and adventures of rerendipity: {A} study in sociological semantics and the sociology of science},
    author      = {Merton, R. and Barber, E.},
    publisher   = {Princeton University Press},
    date        = {2004}
}


@article{Pasteur1854,
    title       = {Oeuvres de {P}asteur / réunies par {P}asteur {V}allery-{R}adot},
    author      = {Pasteur, L.},
    url         = {https://upload.wikimedia.org/wikipedia/commons/6/62/Louis\_Pasteur\_Universit\%C3\%A9\_de\_Lille\_18541857\_dans\_les\_champs\_de\_l\%27observation\_le\_hasard\_ne\_favorise\_que\_les\_esprits\_pr\%C3\%A9par\%C3\%A9s.pdf},
    date        = {1854}
}


@book{Ross2022,
    title       = {The art of serendipity},
    author      = {Ross, W. and Copeland, S.},
    publisher   = {Palgrave McMillan},
    date        = {2022}
}


@article{Ross2022,
    title       = {Accident and agency: {A} mixed methods study contrasting luck and interactivity in problem solving},
    author      = {Ross, W. and Vallée-Tourangeau, F.},
    number      = {4},
    volume      = {28},
    url         = {https://doi.org/10.1080/13546783.2021.1965025},
    doi         = {10.1080/13546783.2021.1965025},
    date        = {2022},
    pages       = {487--528},
    journal     = {Thinking \& Reasoning}
}


@article{Rubin2011,
    title       = {Facets of serendipity in everyday chance encounters: {A} grounded theory approach to blog analysis},
    author      = {Rubin, V. L. and Burkell, J. and Quan-Haase, A.},
    number      = {3},
    volume      = {16},
    url         = {https://doi.org/},
    date        = {2011},
    journal     = {Information Research}
}


@inbook{Thagard2012,
    title       = {Creative combination of representations: {S}cientific discovery and technological invention},
    author      = {Thagard, P.},
    editor      = {Proctor, R. and Capaldi, E.J.},
    publisher   = {Oxford University Press},
    date        = {2012},
    pages       = {389--405},
    booktitle     = {Psychology of science: Implicit and explicit processes}
}


@article{VanAndel1994,
    title       = {Anatomy of the unsought finding},
    author      = {Van Andel, P.},
    volume      = {45},
    date        = {1994},
    pages       = {631--648},
    journal     = {The British Journal for the Philosophy of Science}
}


@online{Walpole1754,
    title       = {Letter from {H}orace {W}alpole to {H}orace {M}ann},
    author      = {Walpole, H.},
    url         = {https://walpole.library.yale.edu/online-content/digital-resources/horace-walpole-correspondence},
    date        = {1754}
}


@article{Willems2022,
    title       = {Tales of the unexpected: {D}esigning for serendipity in research},
    author      = {Willems, L. and Wade, E. and Herbert, R. and Plume, A.},
    url         = {https://doi.org/10.2139/ssrn.4048549},
    doi         = {10.2139/ssrn.4048549},
    date        = {2022},
    journal     = {SSRN Electronic Journal}
}


@article{Yaqub2018,
    title       = {Serendipity: {T}owards a taxonomy and a theory},
    author      = {Yaqub, O.},
    volume      = {47},
    url         = {https://doi.org/10.1016/j.respol.2017.10.007},
    doi         = {10.1016/j.respol.2017.10.007},
    date        = {2018},
    pages       = {169--179},
    journal     = {Research Policy}
}

@article{foster2003serendipity,
  title={Serendipity and information seeking: an empirical study},
  author={Foster, Allen and Ford, Nigel},
  journal={Journal of documentation},
  volume={59},
  number={3},
  doi={https://doi.org/10.1108/00220410310472518},
  pages={321--340},
  year={2003},
  publisher={MCB UP Ltd}
}