%% LaTeX2e file `bibliography.bib'
%% generated by the `filecontents' environment
%% from source `gruening' on 2023/04/06.
%%
 
@book{Bail2021,
    title       = {Breaking the social media prism},
    author      = {Bail, C.},
    publisher   = {Princeton University Press},
    date        = {2021}
}


@article{Basol2020,
    title       = {Good news about bad news: Gamified inoculation boosts confidence and cognitive immunity against fake news},
    author      = {Basol, M. and Roozenbeek, J. and {van der Linden}, S.},
    number      = {1},
    volume      = {3},
    url         = {https://doi.org/10.5334/joc.91},
    doi         = {10.5334/joc.91},
    date        = {2020},
    pages       = {2},
    journal     = {Journal of Cognition}
}


@article{Schmid2019,
    title       = {Effective strategies for rebutting science denialism in public discussions},
    author      = {Schmid, P. and Betsch, C.},
    number      = {9},
    volume      = {3},
    url         = {https://doi.org/10.1038/s41562-019-0632-4},
    doi         = {10.1038/s41562-019-0632-4},
    date        = {2019},
    pages       = {931–939},
    journal     = {Nature Human Behaviour}
}


@article{Daley2018,
    title       = {Addressing parents’ vaccine concerns: A randomized trial of a social media intervention},
    author      = {Daley, M. F. and Narwaney, K. J. and Shoup, J. A. and Wagner, N. M. and Glanz, J. M.},
    number      = {1},
    volume      = {55},
    url         = {https://doi.org/10.1016/j.amepre.2018.04.010},
    doi         = {10.1016/j.amepre.2018.04.010},
    date        = {2018},
    pages       = {44–54},
    journal     = {American Journal of Preventive Medicine}
}


@article{Denrell2001,
    title       = {Adaptation as information restriction: The hot stove effect},
    author      = {Denrell, J. and March, J. G.},
    number      = {5},
    volume      = {12},
    url         = {https://doi.org/10.1287/orsc.12.5.523.10092},
    doi         = {10.1287/orsc.12.5.523.10092},
    date        = {2001},
    pages       = {523–538},
    journal     = {Organization Science}
}


@article{Donovan2020,
    title       = {Look it up: Online search reduces the problematic effects of exposures to inaccuracies},
    author      = {Donovan, A. M. and Rapp, D. N.},
    number      = {7},
    volume      = {48},
    date        = {2020},
    pages       = {1128–1145},
    journal     = {Memory \& Cognition}
}


@article{Einhorn1978,
    title       = {Confidence in judgment: Persistence of the illusion of validity},
    author      = {Einhorn, H. J. and Hogarth, R. M.},
    number      = {5},
    volume      = {85},
    url         = {https://doi.org/10.1037/0033-295X.85.5.395},
    doi         = {10.1037/0033-295X.85.5.395},
    date        = {1978},
    pages       = {395–416},
    journal     = {Psychological Review}
}


@article{Feiler2012,
    title       = {Biased judgment in censored environments},
    author      = {Feiler, D. C. and Tong, J. D. and Larrick, R. P.},
    number      = {3},
    volume      = {59},
    url         = {https://doi.org/10.1287/mnsc.1120.1612},
    doi         = {10.1287/mnsc.1120.1612},
    date        = {2012},
    pages       = {573–591},
    journal     = {Management Science}
}


@book{Gigerenzer2011,
    title       = {Heuristics: The foundations of adaptive behavior},
    editor      = {Gigerenzer, G. and Hertwig, R. and Pachur, T.},
    url         = {https://doi.org/10.1093/acprof:oso/9780199744282.001.0001},
    doi         = {10.1093/acprof:oso/9780199744282.001.0001},
    publisher   = {Oxford University Press},
    date        = {2011}
}


@book{Gigerenzer2002,
    title       = {Bounded rationality: The adaptive toolbox},
    editor      = {Gigerenzer, G. and Selten, R.},
    publisher   = {MIT Press},
    date        = {2002}
}



@article{Glanz2017,
    title       = {Web-based social media intervention to increase vaccine acceptance: A randomized controlled trial},
    author      = {Glanz, J. M. and Wagner, N. M. and Narwaney, K. J. and Kraus, C. R. and Shoup, J. A. and Xu, S. and O'Leary, S. T. and Omer, S. B. and Gleason, K. S. and Daley, M. F.},
    number      = {6},
    volume      = {140},
    doi         = {10.1542/peds.2017-1117},
    date        = {2017},
    pages       = {1–9},
    journal     = {Pediatrics}
}


@article{Glasgow2021,
    title       = {The {NUDGE} trial pragmatic trial to enhance cardiovascular medication adherence: Study protocol for a randomized controlled trial},
    author      = {Glasgow, R. E. and Knoepke, C. E. and Magid, D. and Grunwald, G. K. and Glorioso, T. J. and Waughtal, J. and Marrs, J. C. and Bull, S. and Ho, P. M.},
    number      = {1},
    volume      = {22},
    date        = {2021},
    pages       = {1–16},
    journal     = {Trials}
}


@online{Grüning2022,
    title       = {First exploration of the prediction-comprehension bias},
    author      = {Grüning, D. J. and Mata, A. O. P. and Fiedler, K.},
    url         = {https://doi.org/10.31234/osf.io/qp894},
    doi         = {10.31234/osf.io/qp894},
    journal     = {PsyArXiv},
    eprinttype  = {PsyArXiv},
    date        = {2022}
}


@article{Grüning2022a,
    title       = {The importance of informative interventions in a wicked environment},
    author      = {Grüning, D. J. and Panizza, F. and Lorenz-Spreen, P.},
    number      = {5},
    volume      = {135},
    url         = {https://doi.org/10.5406/19398298.135.4.12},
    doi         = {10.5406/19398298.135.4.12},
    date        = {2023},
    pages       = {439–442},
    journal     = {The American Journal of Psychology}
}


@article{Grüning2023,
    title       = {Directing smart phone use through the self-nudge app one sec},
    author      = {Grüning, D. J. and Riedel, F. and Lorenz-Spreen, P.},
    number      = {8},
    volume      = {120},
    url         = {https://doi.org/10.1073/pnas.2213114120},
    doi         = {10.1073/pnas.2213114120},
    date        = {2023},
    pages       = {2213114120},
    journal     = {Proceedings of the National Academy of Sciences}
}


@article{Guess2020,
    title       = {A digital media literacy intervention increases discernment between mainstream and false news in the {United States} and {India}},
    author      = {Guess, A. M. and Lerner, M. and Lyons, B. and Montgomery, J. M. and Nyhan, B. and Reifler, J. and Sircar, N.},
    number      = {27},
    volume      = {117},
    url         = {https://doi.org/10.1073/pnas.192049811},
    doi         = {10.1073/pnas.192049811},
    date        = {2020},
    pages       = {15536–15545},
    journal     = {Proceedings of the National Academy of Sciences}
}


@article{HarropND,
    title       = {Inoculation can reduce the perceived reliability of polarizing social media content},
    author      = {Harrop, I. and Roozenbeek, J. and Madsen, J. and {van der Linden}, S.},
    date        = {in press},
    journal     = {International Journal of Communication}
}


@article{Hartman2021,
    title       = {The {Gloria Adherence Subproject}: Problems and Randomization Mistakes},
    author      = {Hartman, L. and Kok, M. R. and Molenaar, E. and Griep, N. and Van Laar, J. M. and Van Woerkom, J. M. and F., Allaar C. and Raterman, H. G. and Ruiterman, Y. P. M. and Voshaar, M. J. H. and Redol, J. and Pinto, R. M. A. and Klausch, L. T. and Lems, W. F. and Boers, M.},
    number      = {1},
    volume      = {2},
    url         = {https://doi.org/10.36850/e6},
    doi         = {10.36850/e6},
    date        = {2021},
    pages       = {50–55},
    journal     = {Journal of Trial and Error}
}


@article{Hertwig2017,
    title       = {When to consider boosting: Some rules for policy-makers},
    author      = {Hertwig, R.},
    number      = {2},
    volume      = {1},
    url         = {https://doi.org/10.1017/bpp.2016.14},
    doi         = {10.1017/bpp.2016.14},
    date        = {2017},
    pages       = {143–161},
    journal     = {Behavioural Public Policy}
}


@article{Hertwig2017a,
    title       = {Nudging and boosting: Steering or empowering good decisions},
    author      = {Hertwig, R. and Grüne-Yanoff, T.},
    number      = {6},
    volume      = {12},
    url         = {https://doi.org/10.1177/1745691617702496},
    doi         = {10.1177/1745691617702496},
    date        = {2017},
    pages       = {973–986},
    journal     = {Perspectives on Psychological Science}
}


@article{Hertwig2020,
    title       = {Nudge versus boost: Agency dynamics under libertarian paternalism},
    author      = {Hertwig, R. and Ryall, M. D.},
    number      = {629},
    volume      = {130},
    url         = {https://doi.org/10.1093/ej/uez054},
    doi         = {10.1093/ej/uez054},
    date        = {2020},
    pages       = {1384–1415},
    journal     = {The Economic Journal}
}

@book{Hogarth2001,
    title = {Educating Intuition},
    author = {Hogarth, R. M.},
    year = {2001},
    publisher = {Chicago University Press},
    url = {https://press.uchicago.edu/ucp/books/book/chicago/E/bo3624460.html}
}

@article{Horne2022,
    title       = {Behavioral nudges as patient decision support for medication adherence: The ENCOURAGE randomized controlled trial},
    author      = {Horne, B. D. and Muhlestein, J. B. and Lappé, D. L. and May, H. T. and Le, V. T. and Bair, T. L. and Babcock, D. and Bride, D. and Knowlton, K. U. and Anderson, J. L.},
    volume      = {244},
    url         = {https://doi-org/10.1016/j.ahj.2021.11.001},
    date        = {2022},
    pages       = {125–134},
    journal     = {American Heart Journal}
}


@article{Koehler2009,
    title       = {Selection neglect in mutual fund advertisements},
    author      = {Koehler, J. J. and Mercer, M.},
    number      = {7},
    volume      = {55},
    url         = {https://doi.org/10.1287/mnsc.1090.1013},
    doi         = {10.1287/mnsc.1090.1013},
    date        = {2009},
    pages       = {1107–1121},
    journal     = {Management Science}
}


@online{Kozyreva2022,
    title       = {Toolbox of interventions against online misinformation and manipulation},
    author      = {Kozyreva, A. and Lorenz-Spreen, P. and Herzog, S. M. and Ecker, U. K. H. and Lewandowsky, S. and Hertwig, R.},
    url         = {https://doi.org/10.31234/osf.io/x8ejt},
    doi         = {10.31234/osf.io/x8ejt},
    date        = {2022},
    journal     = {PsyArXiv}
}


@article{Lorenz-Spreen2021,
    title       = {Boosting people’s ability to detect microtargeted advertising},
    author      = {Lorenz-Spreen, P. and Geers, M. and Pachur, T. and Hertwig, R. and Lewandowsky, S. and Herzog, S.},
    number      = {1},
    volume      = {11},
    url         = {https://doi.org/10.1038/s41598-021-94796-z},
    doi         = {10.1038/s41598-021-94796-z},
    date        = {2021},
    pages       = {15541},
    journal     = {Scientific Reports}
}


@article{Luong2021,
    title       = {Text message medication adherence reminders automated and delivered at scale across two institutions: Testing the nudge system: pilot study},
    author      = {Luong, P. and Glorioso, T. J. and Grunwald, G. K. and Peterson, P. and Allen, L. A. and Khanna, A. and Waughtal, J. and Sandy, L. and Ho, P. M. and Bull, S.},
    number      = {5},
    volume      = {14},
    url         = {https://doi.org/10.1161/CIRCOUTCOMES.120.007015},
    doi         = {10.1161/CIRCOUTCOMES.120.007015},
    date        = {2021},
    pages       = {007015},
    journal     = {Circulation: Cardiovascular Quality and Outcomes}
}


@article{Lutzke2019,
    title       = {Priming critical thinking: Simple interventions limit the influence of fake news about climate change on Facebook},
    author      = {Lutzke, L. and Drummond, C. and Slovic, P. and Árvai, J.},
    volume      = {58},
    url         = {https://doi.org/10.1016/j.gloenvcha.2019.101964},
    doi         = {10.1016/j.gloenvcha.2019.101964},
    date        = {2019},
    pages       = {101964},
    journal     = {Global Environmental Change}
}


@article{Maertens2021,
    title       = {Long-term effectiveness of inoculation against misinformation: Three longitudinal experiments},
    author      = {Maertens, R. and Roozenbeek, J. and Basol, M. and {van der Linden}, S.},
    number      = {1},
    volume      = {27},
    url         = {https://doi.org/10.1037/xap0000315},
    doi         = {10.1037/xap0000315},
    date        = {2021},
    pages       = {1–16},
    journal     = {Journal of Experimental Psychology: Applied}
}


@article{Matias2019,
    title       = {Preventing harassment and increasing group participation through social norms in 2,190 online science discussions},
    author      = {Matias, J. N.},
    number      = {20},
    volume      = {116},
    url         = {https://doi.org/10.1073/pnas.1813486116},
    doi         = {10.1073/pnas.1813486116},
    date        = {2019},
    pages       = {9785–9789},
    journal     = {Proceedings of the National Academy of Sciences}
}


@article{Pennycook2021,
    title       = {Shifting attention to accuracy can reduce misinformation online},
    author      = {Pennycook, G. and Epstein, Z. and Mosleh, M. and Arechar, A. A. and Eckles, D. and Rand, D. G.},
    number      = {7855},
    volume      = {592},
    url         = {https://doi.org/10.1038/s41586-021-03344-2},
    doi         = {10.1038/s41586-021-03344-2},
    date        = {2021},
    pages       = {590–595},
    journal     = {Nature}
}


@article{NetworkND,
    title       = {List tips for checking accuracy of shared headlines: Reduce the spread of mis- and disinformation},
    author      = {{Prosocial Design Network}},
    url         = {https://www.prosocialdesign.org/library/list-tips-for-checking-accuracy-of-shared-headlines},
    date        = {in press}
}


@article{Reijula2022,
    title       = {Self-nudging and the citizen choice architect},
    author      = {Reijula, S. and Hertwig, R.},
    number      = {1},
    volume      = {6},
    url         = {https://doi.org/10.1017/bpp.2020.5},
    doi         = {10.1017/bpp.2020.5},
    date        = {2022},
    pages       = {119–149},
    journal     = {Behavioural Public Policy}
}


@article{Roozenbeek2021,
    title       = {How accurate are accuracy-nudge interventions? A preregistered direct replication of {Pennycook} et al},
    author      = {Roozenbeek, J. and Freeman, A. L. and {van der Linden}, S.},
    number      = {7},
    volume      = {32},
    url         = {https://doi.org/10.1177/09567976211024535},
    doi         = {10.1177/09567976211024535},
    date        = {2021},
    pages       = {1169–1178},
    journal     = {Psychological Science}
}


@article{Simon1956,
    title       = {Rational choice and the structure of the environment},
    author      = {Simon, H. A.},
    number      = {2},
    volume      = {63},
    url         = {https://doi.org/10.1037/h0042769},
    doi         = {10.1037/h0042769},
    date        = {1956},
    pages       = {129–138},
    journal     = {Psychological Review}
}


@book{Thomas1983,
    title       = {The youngest science: Notes of a medicine watcher},
    author      = {Thomas, L.},
    publisher   = {Viking},
    date        = {1983}
}


@article{Trammell1992,
    title       = {Persistence of negative priming: Steady state or decay?},
    author      = {Trammell, N. W. and Valdes, L. A.},
    number      = {3},
    volume      = {18},
    date        = {1992},
    pages       = {565–576},
    journal     = {Journal of Experimental Psychology: Learning, Memory, and Cognition}
}


@article{Tyler2021,
    title       = {Social media governance: Can social media companies motivate voluntary rule following behavior among their users?},
    author      = {Tyler, T. and Katsaros, M. and Meares, T. and Venkatesh, S.},
    number      = {1},
    volume      = {17},
    url         = {https://doi.org/10.1007/s11292-019-09392-z},
    doi         = {10.1007/s11292-019-09392-z},
    date        = {2021},
    pages       = {109–127},
    journal     = {Journal of Experimental Criminology}
}


@article{Voelkel2021,
    title       = {Interventions reducing affective polarization do not necessarily improve anti-democratic attitudes},
    author      = {Voelkel, J. G. and Chu, J. and Stagnaro, M. and Mernyk, J. S. and Redekopp, C. and Pink, S. L. and Druckman, J. N. and Rand, D. G. and Willer, R.},
    volume      = {7},
    url         = {https://doi.org/10.1038/s41562-022-01466-9},
    doi         = {10.1038/s41562-022-01466-9},
    date        = {2021},
    pages       = {55–64},
    journal     = {Nature}
}
