%% LaTeX2e file `bibliography.bib'
%% generated by the `filecontents' environment
%% from source `main' on 2024/03/01.
%%
 @article{CCMO,
    title       = {{E1}/{E2}. Subject information sheet and informed consent form research subjects},
    author      = {{CCMO}},
    url         = {https://english.ccmo.nl/investigators/standard-research-file-for-research-subject-to-the-dutch-wmo-act/e-information-research-subjects/e1-e2.-information-sheet-and-consent-form-research-subjects}
}


@article{CCMO2011,
    title       = {Herziene {CCMO}-richtlijn Beoordeling onderzoekscontracten},
    author      = {{CCMO}},
    url         = {https://www.ccmo.nl/over-de-ccmo/publicaties/richtlijnen/2011/09/20/ccmo-richtlijn-beoordeling-onderzoekscontracten},
    date        = {2011}
}


@article{CCMO2020,
    title       = {Richtlijn van de Centrale Commissie Mensgebonden Onderzoek, de {CCMO}},
    author      = {{CCMO}},
    url         = {https://www.ccmo.nl/metcs/publicaties/richtlijnen/2019/11/14/ccmo-richtlijn-deskundigheidseisen-metc-leden},
    date        = {2020}
}

@article{CCMO2023,
	title 		= {{CCMO} Jaarverslag 2022 De {CCMO} in beweging - in {Nederland} en {Europa}. {CCMO}.},
	author 		= {{CCMO}},
	url			= {https://www.ccmo.nl/over-de-ccmo/publicaties/jaarverslagen/2023/03/13/jaarverslag-ccmo-2022},
	date		= {2023}
}

@article{EuropeanMedicinesAgency2016,
	title		= {Guideline for good clinical practice.},
	author		= {{European Medicines Agency}},
	url			= {https://www.ema.europa.eu/en/ich-e6-r2-good-clinical-practice-scientific-guideline},
	date 		= {2016}
}

@article{METCUtrecht2020,
    title       = {Jaarverslag 2020 {METCUtrecht}},
    author      = {{METC Utrecht}},
    year        = {2020}
}

@article{NederlandseOverheid2021,
    title       = {Embryowet},
    author      = {{Nederlandse Overheid}},
    url         = {https://wetten.overheid.nl/BWBR0013797/2021-07-01},
    year        = {2021}
}

@article{NederlandseOverheid2022,
    title       = {Wet medisch-wetenschappelijk onderzoek met mensen},
    author      = {{Nederlandse Overheid}},
    url         = {https://wetten.overheid.nl/BWBR0009408/2022-07-01},
    year        = {2022}
}

@article{TheEuropeanParliament2001,
    title       = {Directive 2001/20/EC of the {European} {Parliament} and of the {Council} of 4 {April} 2001 on the approximation of the laws, regulations and administrative provisions of the {Member} {States} relating to the implementation of good clinical practice in the conduct of clinical trials on medicinal products for human use.},
    author      = {{The European Parliament and the Council of the European Union}},
    url         = { https://eur-lex.europa.eu/legal-content/EN/TXT/?uri=CELEX%3A02001L0020-20220101},
    year        = {2001} 
}

@article{TheEuropeanParliament2014,
    title       = {REGULATION {(EU)} No 536/2014 of the {E}UROPEAN {P}ARLIAMENT AND OF THE {C}OUNCIL of 16 April 2014 on clinical trials on medicinal products for human use, and repealing {D}irective 2001/20/EC.},
    author      = {{The European Parliament and the Council of the European Union}},
    url         = { https://eur-lex.europa.eu/legal-content/EN/TXT/?uri=CELEX:02014R0536-20221205},
    year        = {2014}
}

@article{TheEuropeanParliament2016,
    title       = {REGULATION {(EU)} 2016/679 OF THE {E}UROPEAN {P}ARLIAMENT AND OF THE {C}OUNCIL of 27 April 2016 on the protection of natural persons with regard to the processing of personal data and on the free movement of such data, and repealing {D}irective 95/46/{EC} {(General Data Protection Regulation)} {Official Journal} of the {European Union}},
    author      = {{The European Parliament and the Council of the European Union}},
    url         = {https://gdpr-info.eu/},
    year        = {2016}
}

@article{TheEuropeanParliament2017,
    title       = {REGULATION {(EU)} 2017/746 OF THE {E}UROPEAN {P}ARLIAMENT AND OF THE {C}OUNCIL of 5 {A}pril 2017 on in vitro diagnostic medical devices and repealing {D}irective 98/79/EC and {Commission Decision} 2010/227/{EU}.},
    author      = {{The European Parliament and the Council of the European Union}},
    url         = {https://eur-lex.europa.eu/legal-content/EN/TXT/?uri=CELEX%3A32017R0746&qid=1687428283895},
    year        = {2017}
}

@article{TheEuropeanParliament2021,
    title       = {REGULATION {(EU)} 2017/745 OF THE {E}UROPEAN {P}ARLIAMENT AND OF THE {C}OUNCIL of 5 {A}pril 2017 on medical devices, amending {D}irective 2001/83/{EC}, {R}egulation {(EC)} No 178/2002 and {Regulation (EC)} {N}o 1223/2009 and repealing {Council Directives} 90/385/{EEC and 93/42/EEC}.},
    author      = {{The European Parliament and the Council of the European Union}},
    url         = {https://eur-lex.europa.eu/eli/reg/2017/745/2020-04-24},
    year        = {2021}
}

@article{TheWorldMedicalAssociation2013,
    title       = {W{MA} {D}ECLARATION OF {H}ELSINKI â€“ {E}THICAL {P}RINCIPLES FOR {M}EDICAL {R}ESEARCH {I}NVOLVING {H}UMAN {S}UBJECTS.},
    author      = {{The World Medical Association}},
    url         = {https://www.wma.net/policies-post/wma-declaration-of-helsinki-ethical-principles-for-medical-research-involving-human-subjects/},
    year        = {2013}
}