%% LaTeX2e file `bibliography.bib'
%% generated by the `filecontents' environment
%% from source `thibault' on 2023/05/12.
%%
 @article{Abrams2020,
    title       = {Research Registries: {F}acts, Myths, and Possible Improvements},
    author      = {Abrams, E. and Libgober, J. and List, J.},
    volume      = {00703},
    url         = {https://ideas.repec.org//p/feb/artefa/00703.html},
    date        = {2020},
    journal     = {Artefactual Field Experiments, Article}
}


@article{Al-Durra2020,
    title       = {Prospective registration and reporting of trial number in randomised clinical trials: {G}lobal cross sectional study of the adoption of {ICMJE} and Declaration of Helsinki recommendations},
    author      = {Al-Durra, M. and Nolan, R. P. and Seto, E. and Cafazzo, J. A.},
    volume      = {369},
    url         = {https://doi.org/10.1136/bmj.m982},
    doi         = {10.1136/bmj.m982},
    date        = {2020},
    pages       = {982},
    journal     = {BMJ}
}


@article{Appelbaum2018,
    title       = {Journal article reporting standards for quantitative research in psychology: {T}he {APA}},
    author      = {Appelbaum, M. and Cooper, H. and Kline, R. B. and Mayo-Wilson, E. and Nezu, A. M. and Rao, S. M.},
    number      = {1},
    volume      = {73},
    url         = {https://doi.org/10.1037/amp0000191},
    doi         = {10.1037/amp0000191},
    date        = {2018},
    pages       = {3–25},
    journal     = {Publications and Communications Board task force report. The American Psychologist}
}


@article{Arnold2013,
    title       = {Double-Blind 2-Site Randomized Clinical Trial of Neurofeedback for {ADHD}},
    author      = {Arnold, L. E. and DeBeus, R.},
    url         = {www.clinicaltrials.gov.},
    date        = {2013},
    pages       = {02251743}
}


@article{Bakker2020,
    title       = {Ensuring the quality and specificity of preregistrations},
    author      = {Bakker, M. and Veldkamp, C. L. S. and van Assen, M. A. L. M. and Crompvoets, E. A. V. and Ong, H. H. and Nosek, B. A. and Soderberg, C. K. and Mellor, D. and Wicherts, J. M.},
    number      = {12},
    volume      = {18},
    url         = {https://doi.org/10.1371/journal.pbio.3000937},
    doi         = {10.1371/journal.pbio.3000937},
    date        = {2020},
    pages       = {3000937},
    journal     = {PLOS Biology}
}


@article{Berent2021,
    title       = {Candidate priming},
    author      = {Berent, M.},
    url         = {https://doi.org/10.17605/OSF.IO/F39KX},
    doi         = {10.17605/OSF.IO/F39KX},
    date        = {2021-08-23}
}

@online{BIHQUEST2023,
    date        = {2023},
    author      = {{BIH QUEST}},
    title       = {Charité Dashboard on Responsible Research},
    url         = {https://quest-dashboard.charite.de/#tabStart}
}


@article{Bosnjak2022,
    title       = {A template for preregistration of quantitative research in psychology: {R}eport of the joint psychological societies preregistration task force},
    author      = {Bosnjak, M. and Fiebach, C. J. and Mellor, D. and Mueller, S. and O’Connor, D. B. and Oswald, F. L. and Sokol, R. I.},
    number      = {4},
    volume      = {77},
    url         = {https://doi.org/10.1037/amp0000879},
    doi         = {10.1037/amp0000879},
    date        = {2022},
    pages       = {602},
    journal     = {American Psychologist}
}


@report{Campbell2019,
    author      = {Campbell, L. and Harris, K. and Flake, J. K. and Fried, E. I. and Beck, E. D. and Struhl, M. K. and Etz, A. and Lindsay, D. S. and Feldman, G. and van 't Veer, A. and Vazire, S.},
    url         = {https://osf.io/xv5rp/},
    date        = {2019}
}


@article{Chambers2022,
    title       = {The past, present and future of Registered Reports},
    author      = {Chambers, C. D. and Tzavella, L.},
    number      = {1},
    volume      = {6},
    url         = {https://doi.org/10.1038/s41562-021-01193-7},
    doi         = {10.1038/s41562-021-01193-7},
    date        = {2022},
    pages       = {29–42},
    journal     = {Nature Human Behaviour}
}


@article{Claesen2021,
    title       = {Comparing dream to reality: {A}n assessment of adherence of the first generation of preregistered studies},
    author      = {Claesen, A. and Gomes, S. and Tuerlinckx, F. and Vanpaemel, W.},
    number      = {10},
    volume      = {8},
    url         = {https://doi.org/10.1098/rsos.211037},
    doi         = {10.1098/rsos.211037},
    date        = {2021},
    pages       = {211037},
    journal     = {Royal Society Open Science}
}


@article{COS2016,
    title       = {Badges to Acknowledge Open Practices},
    author      = {{COS}},
    url         = {https://web.archive.org/web/20230420043737/https://osf.io/tvyxz/wiki/2.%20Awarding%20Badges},
    date        = {2016},
    journal     = {OSF}
}


@article{COS2023,
    title       = {Badges to Acknowledge Open Practices},
    author      = {{COS}},
    url         = {https://web.archive.org/web/20230508205525/http://web.archive.org/screenshot/https://osf.io/tvyxz/wiki/1.%20View%20the%20Badges/},
    date        = {2023},
    journal     = {OSF}
}


@article{DeAngelis2004,
    title       = {Clinical Trial Registration: {A} Statement from the},
    author      = {De Angelis, C. and Drazen, J. M. and Frizelle, F. A. and Haug, C. and Hoey, J. and Horton, R. and Kotzin, S. and Laine, C. and Marusic, A. and Overbeke, A. J. P. M. and Schroeder, T. V. and Sox, H. C. and Weyden, M. B. V. D.},
    number      = {12},
    volume      = {351},
    url         = {https://doi.org/10.1056/NEJMe048225},
    doi         = {10.1056/NEJMe048225},
    date        = {2004},
    pages       = {1250–1251},
    journal     = {International Committee of Medical Journal Editors. New England Journal of Medicine}
}


@article{DeVito2019,
    title       = {{FDAAA} TrialsTracker: {A} live informatics tool to monitor compliance with {FDA} requirements to report clinical trial results},
    author      = {DeVito, N. J. and Bacon, S. and Goldacre, B.},
    volume      = {266452},
    url         = {https://doi.org/10.1101/266452},
    doi         = {10.1101/266452},
    date        = {2019},
    journal     = {BioRxiv}
}


@thesis{DeVito2022,
    title       = {Trial registries for transparency and accountability in clinical research},
    author      = {DeVito, N. J.},
    publisher   = {University of Oxford},
    date        = {2022},
    type        = {Doctoral Thesis}
}


@article{Gabelica2022,
    title       = {Many researchers were not compliant with their published data sharing statement: mixed-methods study},
    author      = {Gabelica, M. and Bojčić, R. and Puljak, L.},
    date        = {2022},
    journal     = {Journal of Clinical Epidemiology}
}


@article{Hardwicke2021,
    title       = {Estimating the Prevalence of Transparency and Reproducibility-Related Research Practices in Psychology (2014–2017)},
    author      = {Hardwicke, T. E. and Thibault, R. T. and Kosie, J. E. and Wallach, J. D. and Kidwell, M. C. and Ioannidis, J. P. A.},
    volume      = {1745691620979806},
    url         = {https://doi.org/10.1177/1745691620979806},
    doi         = {10.1177/1745691620979806},
    date        = {2021},
    journal     = {Perspectives on Psychological Science}
}


@article{Hardwicke2023,
    title       = {Reducing bias, increasing transparency and calibrating confidence with preregistration},
    author      = {Hardwicke, T. E. and Wagenmakers, E. J.},
    volume      = {7},
    url         = {https://doi.org/10.1038/s41562-022-01497-2},
    doi         = {10.1038/s41562-022-01497-2},
    date        = {2023},
    pages       = {15–26},
    journal     = {Nat Hum Behav}
}


@article{Hardwicke2020,
    title       = {An empirical assessment of transparency and reproducibility-related research practices in the social sciences (2014–2017},
    author      = {Hardwicke, T. E. and Wallach, J. D. and Kidwell, M. C. and Bendixen, T. and Crüwell, S. and Ioannidis, J. P. A.},
    number      = {2},
    volume      = {7},
    url         = {https://doi.org/10.1098/rsos.190806},
    doi         = {10.1098/rsos.190806},
    date        = {2020},
    pages       = {190806},
    journal     = {Royal Society Open Science}
}


@article{Hopewell2022,
    title       = {An update to {SPIRIT} and {CONSORT} reporting guidelines to enhance transparency in randomized trials},
    author      = {Hopewell, S. and Boutron, I. and Chan, A.-W. and Collins, G. S. and de Beyer, J. A. and Hróbjartsson, A. and Nejstgaard, C. H. and Østengaard, L. and Schulz, K. F. and Tunn, R. and Moher, D.},
    url         = {https://doi.org/10.1038/s41591-022-01989-8},
    doi         = {10.1038/s41591-022-01989-8},
    date        = {2022},
    pages       = {1–4},
    journal     = {Nature Medicine}
}


@article{ICMJE2023,
    title       = {Recommendations for the Conduct, Reporting, Editing, and Publication of Scholarly Work in Medical Journals},
    author      = {{ICMJE}},
    url         = {https://web.archive.org/web/20230508211643/https://www.icmje.org/journals-following-the-icmje-recommendations/},
    date        = {2023}
}


@article{ICMJE2022,
    title       = {Journals stating that they follow the {ICMJE} Recommendations},
    author      = {{ICMJE}},
    url         = {https://web.archive.org/web/20230508211128/https://www.icmje.org/icmje-recommendations.pdf},
    date        = {2022}
}


@article{Lash2022,
    title       = {Getting Over {TOP}: {E}pidemiology},
    author      = {Lash, T. L.},
    url         = {https://journals.lww.com/epidem/fulltext/2022/01000/getting_over_top.1.aspx},
    date        = {2022}
}


@article{Lash2012,
    title       = {Should Preregistration of Epidemiologic Study Protocols Become Compulsory? {R}eflections and a Counterproposal},
    author      = {Lash, T. L. and Vandenbroucke, J. P.},
    number      = {2},
    volume      = {23},
    url         = {https://doi.org/10.1097/EDE.0b013e318245c05b},
    doi         = {10.1097/EDE.0b013e318245c05b},
    date        = {2012},
    pages       = {184–188},
    journal     = {EPIDEMIOLOGY}
}


@article{McPhetres2020,
    title       = {What should a preregistration contain?},
    author      = {McPhetres, J.},
    url         = {https://doi.org/10.31234/osf.io/cj5mh},
    doi         = {10.31234/osf.io/cj5mh},
    date        = {2020},
    journal     = {PsyArXiv}
}


@article{NC3Rs2021,
    title       = {{NC3R}s Funding Schemes Applicant and Grant Holder Handbook},
    author      = {{NC3Rs}},
    url         = {https://www.nc3rs.org.uk/sites/default/files/documents/Funding/Handbook.pdf},
    date        = {2021}
}


@article{Authority2021,
    title       = {Make it Public: {T}ransparency and openness in health and social care research},
    author      = {{NHS Health Research Authority}},
    url         = {https://www.hra.nhs.uk/planning-and-improving-research/policies-standards-legislation/research-transparency/make-it-public-transparency-and-openness-health-and-social-care-research/},
    date        = {2021}
}


@article{Nosek2018,
    title       = {The preregistration revolution},
    author      = {Nosek, B. A. and Ebersole, C. R. and DeHaven, A. C. and Mellor, D. T.},
    number      = {11},
    volume      = {115},
    url         = {https://doi.org/10.1073/pnas.1708274114},
    doi         = {10.1073/pnas.1708274114},
    date        = {2018},
    pages       = {2600–2606},
    journal     = {Proceedings of the National Academy of Sciences}
}


@article{Nosek2018b,
    title       = {Preregistration becoming the norm in psychological science},
    author      = {Nosek, B. A. and Lindsay, D. S.},
    volume      = {31},
    date        = {2018},
    journal     = {APS Observer}
}


@article{Sarafoglou2022,
    title       = {Comparing Analysis Blinding With Preregistration In The Many-Analysts Religion Project},
    author      = {Sarafoglou, A. and Hoogeveen, S. and Wagenmakers, E.-J.},
    url         = {https://doi.org/10.31234/osf.io/6dn8f},
    doi         = {10.31234/osf.io/6dn8f},
    date        = {2022},
    journal     = {PsyArXiv}
}


@article{Sarafoglou2022b,
    title       = {A survey on how preregistration affects the research workflow: {B}etter science but more work},
    author      = {Sarafoglou, A. and Kovacs, M. and Bakos, B. and Wagenmakers, E.-J. and Aczel, B.},
    number      = {7},
    volume      = {9},
    url         = {https://doi.org/10.1098/rsos.211997},
    doi         = {10.1098/rsos.211997},
    date        = {2022},
    pages       = {211997},
    journal     = {Royal Society Open Science}
}


@article{Scoggins2023,
    title       = {Measuring Transparency in the Social Sciences},
    author      = {Scoggins, B. and Robertson, M. P.},
    volume      = {14},
    date        = {2023},
    journal     = {Political Science and International Relations}
}


@article{Serghiou2021,
    title       = {Assessment of transparency indicators across the biomedical literature: {H}ow open is open?},
    author      = {Serghiou, S. and Contopoulos-Ioannidis, D. G. and Boyack, K. W. and Riedel, N. and Wallach, J. D. and Ioannidis, J. P. A.},
    number      = {3},
    volume      = {19},
    url         = {https://doi.org/10.1371/journal.pbio.3001107},
    doi         = {10.1371/journal.pbio.3001107},
    date        = {2021},
    pages       = {3001107},
    journal     = {PLOS Biology}
}


@article{Spitzer2021,
    title       = {Preregistration: {T}esting the Usability of the Psychological Research Preregistration-Quantitative ({PRP}-{QUANT}) Template},
    author      = {Spitzer, L. and Mueller, S. and Bosnjak, M.},
    date        = {2021}
}


@article{Srivastava2018,
    title       = {Sound Inference in Complicated Research: {A} Multi-Strategy Approach},
    author      = {Srivastava, S.},
    url         = {https://doi.org/10.31234/osf.io/bwr48},
    doi         = {10.31234/osf.io/bwr48},
    date        = {2018},
    journal     = {PsyArXiv}
}


@article{TARG2021,
    title       = {Estimating the prevalence of discrepancies between study registrations and publications: {A} systematic review and meta-analyses},
    author      = {{TARG Meta-Research Group} and {Collaborators}},
    url         = {https://doi.org/10.1101/2021.07.07.21259868},
    doi         = {10.1101/2021.07.07.21259868},
    date        = {2021}
}


@article{TARG2022,
    title       = {Discrepancy review: {A} feasibility study of a novel peer review intervention to reduce undisclosed discrepancies between registrations and publications},
    author      = {{TARG Meta-Research Group} and {Collaborators}},
    url         = {https://doi.org/10.1101/2022.01.18.22269507},
    doi         = {10.1101/2022.01.18.22269507},
    date        = {2022}
}


@article{Thabane2016,
    title       = {Methods and processes for development of a {CONSORT} extension for reporting pilot randomized controlled trials},
    author      = {Thabane, L. and Hopewell, S. and Lancaster, G. A. and Bond, C. M. and Coleman, C. L. and Campbell, M. J. and Eldridge, S. M.},
    number      = {1},
    volume      = {2},
    url         = {https://doi.org/10.1186/s40814-016-0065-z},
    doi         = {10.1186/s40814-016-0065-z},
    date        = {2016},
    pages       = {25},
    journal     = {Pilot and Feasibility Studies}
}

@article{Thibault2023,
        doi = {10.31222/osf.io/md2xz},
        url = {https://doi.org/10.31222/osf.io/md2xz},
        year = 2023,
        month = {may},
        publisher = {Center for Open Science},
        author = {Robert T. Thibault and Marton Kovacs and Tom Elis Hardwicke and Alexandra Sarafoglou and John P.A. Ioannidis and Marcus Robert Munafo},
        title = {Reducing bias in secondary data analysis via an Explore and Confirm Analysis Workflow ({ECAW}): A proposal and survey of observational researchers}
}

@article{vandenAkker2022,
    title       = {Selective Hypothesis Reporting in Psychology: {C}omparing Preregistrations and Corresponding Publications},
    author      = {van den Akker, O. and van Assen, M. A. L. M. and Enting, M. and de Jonge, M. and Ong, H. H. and Rüffer, F. and Schoenmakers, M. and Stoevenbelt, A. H. and Wicherts, J. and Bakker, M.},
    url         = {https://doi.org/10.31222/osf.io/nf6mq},
    doi         = {10.31222/osf.io/nf6mq},
    date        = {2022},
    journal     = {MetaArXiv}
}


@inbook{Weaver2022,
    title       = {Durchgeführt wie geplant?},
    author      = {Weaver, E. J. and Rehbein, S. T.},
    url         = {https://psycharchives.org/en/item/2462b05e-5d58-426b-8b43-a26556294a32},
    date        = {2022},
    booktitle     = {Ein detaillierter Vergleich zwischen Studien und ihren prä-registrierten Plänen}
}


@article{Organization2017,
    title       = {{WHO} Trial Registration Data Set (Version 1.3.1},
    author      = {{World Health Organization}},
    url         = {https://www.who.int/clinical-trials-registry-platform/network/who-data-set},
    date        = {2017}
}


@article{Zhang2020,
    title       = {{WHO} Trial Registration Data Set ({TRDS}) extension for traditional Chinese medicine 2020: {R}ecommendations, explanation, and elaboration},
    author      = {Zhang, X. and Lan, L. and Chan, J. C. P. and Zhong, L. L. D. and Cheng, C.-W. and Lam, W.-C. and Tian, R. and Zhao, C. and Wu, T.-X. and Shang, H.-C. and Lyu, A.-P. and Bian, Z.-X.},
    number      = {1},
    volume      = {20},
    url         = {https://doi.org/10.1186/s12874-020-01077-w},
    doi         = {10.1186/s12874-020-01077-w},
    date        = {2020},
    pages       = {192},
    journal     = {BMC Medical Research Methodology}
}
