%% LaTeX2e file `bibliography.bib'
%% generated by the `filecontents' environment
%% from source `borreoge-escartin' on 2022/09/12.
%%
@article{Hunt2003,
  author = {Hunt, Nicholas H and Grau, G E },
  date = {2003},
  title = {Cytokines: accelerators and brakes in the pathogenesis of cerebral malaria},
  volume = {24},
  pages = {491-499},
  url = {https://doi.org/10.1016/S1471-4906(03)00229-1},
  doi = {10.1016/S1471-4906(03)00229-1},
  language = {en},
  journal = {Trends in Immunology},
  number = {9}
}
@misc{DeSouza2010,
  author = {De Souza, J  and Hafalla, J C R  and Riley, E M  and Couper, K N },
  date = {2010},
  title = {Cerebral malaria: Why experimental murine models are required to understand the pathogenesis of disease},
  url = {https://doi.org/10.1017/S0031182009991715},
  doi = {10.1017/S0031182009991715},
  language = {es},
  type = {Parasitology.}
}
@article{Lou2001,
  author = {Lou, J  and Lucas, R  and Grau, G E },
  date = {2001},
  title = {Pathogenesis of Cerebral Malaria},
  volume = {14},
  pages = {810-820},
  url = {https://doi.org/10.1128/CMR.14.4.810},
  doi = {10.1128/CMR.14.4.810},
  language = {en},
  journal = {Recent Experimental Data and Possible Applications for Humans},
  number = {4}
}

  @article{Hunt2006,
    title       = {Immunopathogenesis of cerebral malaria},
    author      = {Hunt, Nicholas H and Golenser, Jacob and Chan-Ling, Tailoi and Parekh, Sapan and Rae, Caroline and Potter, Sarah and Medana, Isabelle M and Miu, Jenny and Ball, Helen J},
    number      = {5},
    volume      = {36},
    doi         = {10.1016/J.IJPARA.2006.02.016},
    publisher   = {Pergamon},
    year        = {2006},
    pages       = {569-582},
    journal     = {International Journal for Parasitology}
}


@article{Bartoloni2012,
    title       = {Clinical aspects of uncomplicated and severe malaria.},
    author      = {Bartoloni, Alessandro and Zammarchi, Lorenzo},
    number      = {1},
    volume      = {4},
    doi         = {10.4084/MJHID.2012.026},
    publisher   = {Catholic University in Rome},
    year        = {2012},
    pages       = {e2012026},
    journal     = {Mediterranean journal of hematology and infectious diseases}
}


@article{Grau1987,
    title       = {Tumor necrosis factor (cachetin) as an essential mediator in murine cerebral malaria},
    author      = {Grau, Georges E and Fajardo, Luis F and Piguet, Pierre-Francois and Allet, Bernard and Lambert, Paul-Henri and Vassalli, Pierre},
    number      = {4819},
    volume      = {237},
    year        = {1987},
    pages       = {1210-1213},
    journal     = {Science}
}


@article{Medana2006,
    title       = {Human cerebral malaria and the blood--brain barrier},
    author      = {Medana, Isabelle M and Turner, Gareth D H},
    number      = {5},
    volume      = {36},
    doi         = {10.1016/J.IJPARA.2006.02.004},
    publisher   = {Pergamon},
    year        = {2006},
    pages       = {555-568},
    journal     = {International Journal for Parasitology}
}


@article{Linares2013,
    title       = {Brain-derived neurotrophic factor and the course of experimental cerebral malaria},
    author      = {Linares, María and Marín-García, Patricia and Pérez-Benavente, Susana and Sánchez-Nogueiro, Jesús and Puyet, Antonio and Bautista, José M and Diez, Amalia},
    volume      = {1490},
    doi         = {10.1016/j.brainres.2012.10.040},
    year        = {2013},
    pages       = {210-224},
    journal     = {Brain Research}
}


@article{Mariotti2011,
    title       = {Neuroinflammation and brain infections: Historical context and current perspectives},
    author      = {Mariotti, Raffaella and Bertini, Giuseppe},
    number      = {1-2},
    volume      = {66},
    doi         = {10.1016/J.BRAINRESREV.2010.09.008},
    publisher   = {Elsevier},
    year        = {2011},
    pages       = {152-173},
    journal     = {Brain Research Reviews}
}


@article{Combes2006,
    title       = {Cerebral malaria: role of microparticles and platelets in alterations of the blood-brain barrier},
    author      = {Combes, Valéry and Coltel, Nicolas and Faille, Dorothée and Wassmer, Samuel Crocodile and Grau, Georges Emile},
    number      = {5},
    volume      = {36},
    doi         = {10.1016/j.ijpara.2006.02.005},
    year        = {2006},
    pages       = {541-546},
    journal     = {International Journal for Parasitology}
}


@article{Fogaça2013,
    title       = {Cannabinoids, Neurogenesis and Antidepressant Drugs: Is there a Link?},
    author      = {Fogaça, Manoela Viar and Galve-Roperh, Ismael and Guimarães, Francisco Silveira and Campos, Alline Cristina},
    number      = {3},
    volume      = {11},
    doi         = {10.2174/1570159X11311030003},
    publisher   = {Bentham Science Publishers},
    year        = {2013},
    pages       = {263-275},
    journal     = {Current neuropharmacology}
}


@article{Fernández-Ruiz2015,
    title       = {Endocannabinoids and neurodegenerative disorders: Parkinson's disease, huntington's chorea, alzheimer's disease, and others},
    author      = {Fernández-Ruiz, Javier and Romero, Julián and Ramos, José A},
    volume      = {231},
    doi         = {10.1007/978-3-319-20825-1\_8},
    year        = {2015},
    pages       = {233-259},
    journal     = {Endocannabinoids}
}


@article{Pazos2012,
    title       = {Cannabidiol administration after hypoxia--ischemia to newborn rats reduces long-term brain injury and restores neurobehavioral function},
    author      = {Pazos, M R and Cinquina, V and Gómez, A and Layunta, R and Santos, M and Fernández-Ruiz, J and Martínez-Orgado, José},
    number      = {5},
    volume      = {63},
    doi         = {10.1016/j.neuropharm.2012.05.034},
    year        = {2012},
    pages       = {776-783},
    journal     = {Neuropharmacology}
}


@article{Alferink2016,
    title       = {Cannabinoid receptor 2 modulates susceptibility to experimental cerebral malaria through a CCL17-dependent Mechanism},
    author      = {Alferink, Judith and Specht, Sabine and Arends, Hannah and Schumak, Beatrix and Schmidt, Kim and Ruland, Christina and Lundt, Ramona and Kemter, Andrea and Dlugos, Andrea and Kuepper, Janina M and Poppensieker, Karola and Findeiss, Matthias and Albayram, Nder and Otte, David M and Marazzi, Janine and Gertsch, Jürg and Förster, Irmgard and Maier, Wolfgang and Scheu, Stefanie and Hoerauf, Achim and Zimmer, Andreas},
    number      = {37},
    volume      = {291},
    doi         = {10.1074/jbc.M116.746594},
    year        = {2016},
    pages       = {19517-19531},
    journal     = {Journal of Biological Chemistry}
}


@article{Campos2015,
    title       = {Cannabidiol increases survival and promotes rescue of cognitive function in a murine model of cerebral malaria},
    author      = {Campos, A C and Brant, F and Miranda, A S and Machado, F S and Teixeira, A L},
    volume      = {289},
    doi         = {10.1016/j.neuroscience.2014.12.051},
    year        = {2015},
    pages       = {166-180},
    journal     = {Neuroscience}
}


@article{Martínez-Pinilla2017,
    title       = {Binding and Signaling Studies Disclose a Potential Allosteric Site for Cannabidiol in Cannabinoid CB 2 Receptors},
    author      = {Martínez-Pinilla, Eva and Varani, Katia and Reyes-resina, Irene and Angelats, Edgar and Vincenzi, Fabrizio and Ferreiro-vera, Carlos and Oyarzabal, Julen and Canela, Enric I and Lanciego, José L and Nadal, Xavier and Navarro, Gemma and Borea, Pier Andrea and Franco, Rafael and Lane, J Robert David},
    number      = {October},
    journal     = {Frontiers in Pharmacology},
    volume      = {8},
    doi         = {10.3389/fphar.2017.00744},
    year        = {2017},
    pages       = {1-10}
}


@article{Portier1999,
    title       = {SR 144528, an antagonist for the peripheral cannabinoid receptor that behaves as an inverse agonist - PubMed},
    author      = {Portier, M and Rinaldi-Carmona, M and Pecceu, F and Combes, T and Poinoit-Chazel, C and Calandra, B and Barth, F and Le Fur, G and Casellas, P},
    number      = {2},
    volume      = {288},
    year        = {1999},
    pages       = {582-589},
    journal     = {Journal of Pharmacology and Experimental Therapeutics}
}


@article{Rinaldi-Carmona1998,
    title       = {SR 144528, the first potent and selective antagonist of the CB2 cannabinoid receptor},
    author      = {Rinaldi-Carmona, Murielle and Barth, Francis and Millan, José and Derocq, Jean Marie and Casellas, Pierre and Congy, Christian and Oustric, Didier and Sarran, Martine and Bouaboula, Monsif and Calandra, Bernard and Portier, Marielle and Shire, David and Brelière, Jean Claude and Le Fur, Gérard},
    number      = {2},
    volume      = {284},
    publisher   = {American Society for Pharmacology and Experimental Therapy},
    year        = {1998},
    pages       = {644-650},
    journal     = {Journal of Pharmacology and Experimental Therapeutics}
}


@article{Rinaldi-Carmona1994,
    title       = {SR141716A, a potent and selective antagonist of the brain cannabinoid receptor},
    author      = {Rinaldi-Carmona, Murielle and Barth, Francis and Héaulme, Michel and Shire, David and Calandra, Bernard and Congy, Christian and Martinez, Serge and Maruani, Jeanne and Néliat, Gervais and Caput, Daniel and Ferrara, Pascual and Soubrié, Philippe and Brelière, Jean Claude and Le Fur, Gérard},
    number      = {2-3},
    volume      = {350},
    doi         = {10.1016/0014-5793(94)00773-X},
    publisher   = {FEBS Lett},
    year        = {1994},
    pages       = {240-244},
    journal     = {FEBS letters}
}


@article{Cumella2012,
    title       = {Chromenopyrazoles: Non-psychoactive and Selective CB 1 Cannabinoid Agonists with Peripheral Antinociceptive Properties},
    author      = {Cumella, Jose and Hernández-Folgado, Laura and Girón, Rocio and Sánchez, Eva and Morales, Paula and Hurst, Dow P and Gómez-Cañas, Maria and Gómez-Ruiz, Maria and Pinto, Diana C G A and Goya, Pilar and Reggio, Patricia H and Martin, María Isabel and Fernández-Ruiz, Javier and Silva, Artur M S and Jagerovic, Nadine},
    number      = {3},
    volume      = {7},
    doi         = {10.1002/cmdc.201100568},
    year        = {2012},
    pages       = {452-463},
    journal     = {ChemMedChem}
}


@article{Deiana2016,
    title       = {Tricyclic pyrazoles. Part 8. Synthesis, biological evaluation and modelling of tricyclic pyrazole carboxamides as potential CB2 receptor ligands with antagonist/inverse agonist properties},
    author      = {Deiana, Valeria and Gómez-Cañas, María and Pazos, M Ruth and Fernández-Ruiz, Javier and Asproni, Battistina and Cichero, Elena and Fossa, Paola and Muñoz, Eduardo and Deligia, Francesco and Murineddu, Gabriele and García-Arencibia, Moisés and Pinna, Gerard A},
    volume      = {112},
    doi         = {10.1016/J.EJMECH.2016.02.005},
    publisher   = {Elsevier Masson},
    year        = {2016},
    pages       = {66-80},
    journal     = {European Journal of Medicinal Chemistry}
}


@article{Marín-García2009,
    title       = {Altered Nucleotide Receptor Expression in a Murine Model of Cerebral Malaria},
    author      = {Marín-García, Patricia and Sánchez-Nogueiro, Jesús and Diez, Amalia and León-Otegui, Míriam and Linares, María and García-Palencia, Pilar and Bautista, José M. and Miras-Portugal, María Teresa},
    number      = {8},
    volume      = {200},
    doi         = {10.1086/605896},
    publisher   = {Oxford University Press},
    year        = {2009},
    pages       = {1279-1288},
    journal     = {The Journal of Infectious Diseases}
}


@book{Martinez2013,
    title       = {Anales de la Real Academia Nacional de Farmacia},
    author      = {Martinez, Gabriela and Linares, María and Marin-Garcia, Patricia and Benavente, S P and Puyet, Antonio and Bautista, José and Diez, Amalia},
    volume      = {79},
    year        = {2013}
}


@book{Ross2007,
    title       = {Histología : texto y atlas color con biología celular y molecular},
    author      = {Ross, Michael H and Pawlina, Wojciech. and Negrete, Jorge Horacio},
    publisher   = {Médica Panamericana},
    year        = {2007}
}


@article{Morales2016,
    title       = {Chromenopyrazole, a Versatile Cannabinoid Scaffold with in Vivo Activity in a Model of Multiple Sclerosis.},
    author      = {Morales, Paula and Gómez-Cañas, María and Navarro, Gemma and Hurst, Dow P and Carrillo-Salinas, Francisco J and Lagartera, Laura and Pazos, Ruth and Goya, Pilar and Reggio, Patricia H and Guaza, Carmen and Franco, Rafael and Fernández-Ruiz, Javier and Jagerovic, Nadine},
    number      = {14},
    volume      = {59},
    doi         = {10.1021/acs.jmedchem.6b00397},
    year        = {2016},
    pages       = {6753-6771},
    journal     = {Journal of medicinal chemistry}
}


@article{Turcotte2016,
    title       = {The CB2 receptor and its role as a regulator of inflammation.},
    author      = {Turcotte, Caroline and Blanchet, Marie-Renée and Laviolette, Michel and Flamand, Nicolas},
    number      = {23},
    volume      = {73},
    doi         = {10.1007/s00018-016-2300-4},
    publisher   = {Springer},
    year        = {2016},
    pages       = {4449-4470},
    journal     = {Cellular and molecular life sciences : CMLS}
}


@article{Fernández-Ruiz2006,
    title       = {Cannabinoid CB 2 receptor : a new target for controlling neural cell survival ?},
    author      = {Fernández-Ruiz, Javier and Romero, Julián and Velasco, Guillermo and Tolón, Rosa M. and Ramos, JA and Guzmán, Manuel},
    number      = {1},
    volume      = {28},
    doi         = {10.1016/j.tips.2006.11.001},
    year        = {2006}
}


@article{Pacher2011,
    title       = {Is lipid signaling through cannabinoid 2 receptors part of a protective system?},
    author      = {Pacher, P and Mechoulam, R},
    number      = {2},
    volume      = {50},
    doi         = {10.1016/j.plipres.2011.01.001},
    publisher   = {NIH Public Access},
    year        = {2011},
    pages       = {193-211},
    journal     = {Progress in lipid research}
}


@article{Picone2015,
    title       = {Minireview: From the Bench, Toward the Clinic: Therapeutic Opportunities for Cannabinoid Receptor Modulation},
    author      = {Picone, Robert P and Kendall, Debra A},
    number      = {6},
    volume      = {29},
    doi         = {10.1210/me.2015-1062},
    year        = {2015},
    pages       = {801-813},
    journal     = {Molecular Endocrinology}
}


@article{Rhee2002,
    title       = {SR144528 as Inverse Agonist of CB2 Cannabinoid Receptor},
    author      = {Rhee, Man-Hee and Sang-Keun, Kim},
    number      = {3},
    volume      = {3},
    publisher   = {The Korean Society of Veterinary Science},
    year        = {2002},
    pages       = {179-184},
    journal     = {Journal of Veterinary Science}
}

